%========
%galaxies
%========


@ARTICLE{NYU-VAGC,
   author = {{Blanton}, M.~R. and {Schlegel}, D.~J. and {Strauss}, M.~A. and 
	{Brinkmann}, J. and {Finkbeiner}, D. and {Fukugita}, M. and 
	{Gunn}, J.~E. and {Hogg}, D.~W. and {Ivezi{\'c}}, {\v Z}. and 
	{Knapp}, G.~R. and {Lupton}, R.~H. and {Munn}, J.~A. and {Schneider}, D.~P. and 
	{Tegmark}, M. and {Zehavi}, I.},
    title = "{New York University Value-Added Galaxy Catalog: A Galaxy Catalog Based on New Public Surveys}",
  journal = {\aj},
   eprint = {astro-ph/0410166},
 keywords = {Galaxies: Distances and Redshifts, Galaxies: Photometry, Galaxies: Statistics},
     year = 2005,
    month = jun,
   volume = 129,
    pages = {2562-2578},
      doi = {10.1086/429803},
   adsurl = {http://adsabs.harvard.edu/abs/2005AJ....129.2562B},
  adsnote = {Provided by the SAO/NASA Astrophysics Data System}
}







%=======
%Cluster
%========

@article{SPT2003,
author = {{Bruzual}, G. and {Charlot}, S.},
title = "{Stellar population synthesis at the resolution of 2003}",
journal = {\mnras},
eprint = {astro-ph/0309134},
keywords = {stars: evolution, galaxies: evolution, galaxies: formation, galaxies: stellar content},
year = 2003,
month = oct,
volume = 344,
pages = {1000-1028},
doi = {10.1046/j.1365-8711.2003.06897.x},
adsurl = {http://adsabs.harvard.edu/abs/2003MNRAS.344.1000B},
adsnote = {Provided by the SAO/NASA Astrophysics Data System}
}




@article{CAMIRA,
author = {Oguri, Masamune},
title = {A cluster finding algorithm based on the multiband identification of red sequence galaxies},
journal = {Monthly Notices of the Royal Astronomical Society},
volume = {444},
number = {1},
pages = {147-161},
year = {2014},
doi = {10.1093/mnras/stu1446},
URL = {http://dx.doi.org/10.1093/mnras/stu1446},
eprint = {/oup/backfile/content_public/journal/mnras/444/1/10.1093_mnras_stu1446/3/stu1446.pdf}
}


@article{CAMIRA-HSC,
author = {Oguri, Masamune and Lin, Yen-Ting and Lin, Sheng-Chieh and Nishizawa, Atsushi J and More, Anupreeta and More, Surhud and Hsieh, Bau-Ching and Medezinski, Elinor and Miyatake, Hironao and Jian, Hung-Yu and Lin, Lihwai and Takada, Masahiro and Okabe, Nobuhiro and Speagle, Joshua S and Coupon, Jean and Leauthaud, Alexie and Lupton, Robert H and Miyazaki, Satoshi and Price, Paul A and Tanaka, Masayuki and Chiu, I-Non and Komiyama, Yutaka and Okura, Yuki and Tanaka, Manobu M and Usuda, Tomonori},
title = {An optically-selected cluster catalog at redshift $0.1<z<1.1$ from the Hyper Suprime-Cam Subaru Strategic Program S16A data},
journal = {Publications of the Astronomical Society of Japan},
volume = {70},
number = {SP1},
pages = {S20},
year = {2018},
doi = {10.1093/pasj/psx042},
URL = {http://dx.doi.org/10.1093/pasj/psx042},
eprint = {/oup/backfile/content_public/journal/pasj/70/sp1/10.1093_pasj_psx042/1/psx042.pdf}
}

@ARTICLE{redMaPPer,
   author = {{Rykoff}, E.~S. and {Rozo}, E. and {Busha}, M.~T. and {Cunha}, C.~E. and 
	{Finoguenov}, A. and {Evrard}, A. and {Hao}, J. and {Koester}, B.~P. and 
	{Leauthaud}, A. and {Nord}, B. and {Pierre}, M. and {Reddick}, R. and 
	{Sadibekova}, T. and {Sheldon}, E.~S. and {Wechsler}, R.~H.},
    title = "{redMaPPer. I. Algorithm and SDSS DR8 Catalog}",
  journal = {\apj},
archivePrefix = "arXiv",
   eprint = {1303.3562},
 keywords = {galaxies: clusters: general},
     year = 2014,
    month = apr,
   volume = 785,
      eid = {104},
    pages = {104},
      doi = {10.1088/0004-637X/785/2/104},
   adsurl = {http://adsabs.harvard.edu/abs/2014ApJ...785..104R},
  adsnote = {Provided by the SAO/NASA Astrophysics Data System}
}


%=======
%Group
%========

@ARTICLE{Yang-haloBasedgGFinder,
       author = {{Yang}, Xiaohu and {Mo}, H.~J. and {van den Bosch}, Frank C. and
         {Jing}, Y.~P.},
        title = "{A halo-based galaxy group finder: calibration and application to the 2dFGRS}",
      journal = {\mnras},
     keywords = {methods: statistical, galaxies: haloes, dark matter, large-scale structure of the Universe, Astrophysics},
         year = "2005",
        month = "Feb",
       volume = {356},
        pages = {1293-1307},
          doi = {10.1111/j.1365-2966.2005.08560.x},
archivePrefix = {arXiv},
       eprint = {astro-ph/0405234},
 primaryClass = {astro-ph},
       adsurl = {https://ui.adsabs.harvard.edu/\#abs/2005MNRAS.356.1293Y},
      adsnote = {Provided by the SAO/NASA Astrophysics Data System}
}


@ARTICLE{SDSSgGYang,
   author = {{Yang}, X. and {Mo}, H.~J. and {van den Bosch}, F.~C. and {Pasquali}, A. and 
	{Li}, C. and {Barden}, M.},
    title = "{Galaxy Groups in the SDSS DR4. I. The Catalog and Basic Properties}",
  journal = {\apj},
archivePrefix = "arXiv",
   eprint = {0707.4640},
 keywords = {Cosmology: Dark Matter, Galaxies: Halos, Cosmology: Large-Scale Structure of Universe, Methods: Statistical},
     year = 2007,
    month = dec,
   volume = 671,
    pages = {153-170},
      doi = {10.1086/522027},
   adsurl = {http://adsabs.harvard.edu/abs/2007ApJ...671..153Y},
  adsnote = {Provided by the SAO/NASA Astrophysics Data System}
}





%=======
%LBG
%========
@ARTICLE{LBG-wang2012,
   author = {{Wang}, W. and {White}, S.~D.~M.},
    title = "{Satellite abundances around bright isolated galaxies}",
  journal = {\mnras},
archivePrefix = "arXiv",
   eprint = {1203.0009},
 primaryClass = "astro-ph.CO",
 keywords = {galaxies: abundances, galaxies: evolution, galaxies: luminosity function, mass function, galaxies: statistics, cosmology: observations, dark matter },
     year = 2012,
    month = aug,
   volume = 424,
    pages = {2574-2598},
      doi = {10.1111/j.1365-2966.2012.21256.x},
   adsurl = {http://adsabs.harvard.edu/abs/2012MNRAS.424.2574W},
  adsnote = {Provided by the SAO/NASA Astrophysics Data System}
}

@ARTICLE{LBG-wang2018,
   author = {{Wang}, W. and {Han}, J. and {Sonnenfeld}, A. and {Yasuda}, N. and 
	{Li}, X. and {Jing}, Y. and {More}, S. and {Price}, P.~A. and 
	{Lupton}, R. and {Stark}, D.~V. and {Lan}, T.-W. and {Takada}, M. and 
	{Huang}, S. and {Luo}, W. and {Bahcall}, N.~A. and {Komiyama}, Y.
	},
    title = "{The stellar halo of isolated central galaxies in the Hyper Suprime-Cam imaging survey}",
  journal = {arXiv e-prints},
archivePrefix = "arXiv",
   eprint = {1811.04714},
 keywords = {Astrophysics - Astrophysics of Galaxies},
     year = 2018,
    month = nov,
   adsurl = {http://adsabs.harvard.edu/abs/2018arXiv181104714W},
  adsnote = {Provided by the SAO/NASA Astrophysics Data System}
}

@ARTICLE{Plank-LBG2013,
   author = {{Planck Collaboration} and {Ade}, P.~A.~R. and {Aghanim}, N. and 
	{Arnaud}, M. and {Ashdown}, M. and {Atrio-Barandela}, F. and 
	{Aumont}, J. and {Baccigalupi}, C. and {Balbi}, A. and {Banday}, A.~J. and et al.},
    title = "{Planck intermediate results. XI. The gas content of dark matter halos: the Sunyaev-Zeldovich-stellar mass relation for locally brightest galaxies}",
  journal = {\aap},
archivePrefix = "arXiv",
   eprint = {1212.4131},
 keywords = {cosmology: observations, cosmic background radiation, large-scale structure of Universe, galaxies: clusters: general},
     year = 2013,
    month = sep,
   volume = 557,
      eid = {A52},
    pages = {A52},
      doi = {10.1051/0004-6361/201220941},
   adsurl = {http://adsabs.harvard.edu/abs/2013A%26A...557A..52P},
  adsnote = {Provided by the SAO/NASA Astrophysics Data System}
}
@ARTICLE{bimodality-Rachel2015,
   author = {{Mandelbaum}, R. and {Wang}, W. and {Zu}, Y. and {White}, S. and 
	{Henriques}, B. and {More}, S.},
    title = "{Strong bimodality in the host halo mass of central galaxies from galaxy-galaxy lensing}",
  journal = {\mnras},
archivePrefix = "arXiv",
   eprint = {1509.06762},
 keywords = {gravitational lensing: weak, galaxies: haloes, galaxies: stellar content, cosmology: observations},
     year = 2016,
    month = apr,
   volume = 457,
    pages = {3200-3218},
      doi = {10.1093/mnras/stw188},
   adsurl = {http://adsabs.harvard.edu/abs/2016MNRAS.457.3200M},
  adsnote = {Provided by the SAO/NASA Astrophysics Data System}
}

@ARTICLE{GAMA-DR2011,
   author = {{Driver}, S.~P. and {Hill}, D.~T. and {Kelvin}, L.~S. and {Robotham}, A.~S.~G. and 
	{Liske}, J. and {Norberg}, P. and {Baldry}, I.~K. and {Bamford}, S.~P. and 
	{Hopkins}, A.~M. and {Loveday}, J. and {Peacock}, J.~A. and 
	{Andrae}, E. and {Bland-Hawthorn}, J. and {Brough}, S. and {Brown}, M.~J.~I. and 
	{Cameron}, E. and {Ching}, J.~H.~Y. and {Colless}, M. and {Conselice}, C.~J. and 
	{Croom}, S.~M. and {Cross}, N.~J.~G. and {de Propris}, R. and 
	{Dye}, S. and {Drinkwater}, M.~J. and {Ellis}, S. and {Graham}, A.~W. and 
	{Grootes}, M.~W. and {Gunawardhana}, M. and {Jones}, D.~H. and 
	{van Kampen}, E. and {Maraston}, C. and {Nichol}, R.~C. and 
	{Parkinson}, H.~R. and {Phillipps}, S. and {Pimbblet}, K. and 
	{Popescu}, C.~C. and {Prescott}, M. and {Roseboom}, I.~G. and 
	{Sadler}, E.~M. and {Sansom}, A.~E. and {Sharp}, R.~G. and {Smith}, D.~J.~B. and 
	{Taylor}, E. and {Thomas}, D. and {Tuffs}, R.~J. and {Wijesinghe}, D. and 
	{Dunne}, L. and {Frenk}, C.~S. and {Jarvis}, M.~J. and {Madore}, B.~F. and 
	{Meyer}, M.~J. and {Seibert}, M. and {Staveley-Smith}, L. and 
	{Sutherland}, W.~J. and {Warren}, S.~J.},
    title = "{Galaxy and Mass Assembly (GAMA): survey diagnostics and core data release}",
  journal = {\mnras},
archivePrefix = "arXiv",
   eprint = {1009.0614},
 keywords = {surveys, galaxies: distances and redshifts, galaxies: fundamental parameters, galaxies: general, galaxies: statistics},
     year = 2011,
    month = may,
   volume = 413,
    pages = {971-995},
      doi = {10.1111/j.1365-2966.2010.18188.x},
   adsurl = {http://adsabs.harvard.edu/abs/2011MNRAS.413..971D},
  adsnote = {Provided by the SAO/NASA Astrophysics Data System}
}


%===================================
%Optimal redshift weighting scheme 
%===================================

@ARTICLE{ESD18,
   author = {{Shirasaki}, M. and {Takada}, M.},
    title = "{Stacked lensing estimators and their covariance matrices: excess surface mass density versus lensing shear}",
  journal = {\mnras},
archivePrefix = "arXiv",
   eprint = {1802.09696},
 keywords = {gravitational lensing: weak, methods: numerical, cosmology: observations},
     year = 2018,
    month = aug,
   volume = 478,
    pages = {4277-4292},
      doi = {10.1093/mnras/sty1327},
   adsurl = {http://adsabs.harvard.edu/abs/2018MNRAS.478.4277S},
  adsnote = {Provided by the SAO/NASA Astrophysics Data System}
}


