@ARTICLE{numpy2007,
author={T. E. Oliphant},
journal={Computing in Science Engineering},
title={Python for Scientific Computing},
year={2007},
volume={9},
number={3},
pages={10-20},
keywords={high level languages;Python;scientific computing;steering language;scientific codes;high-level language;Scientific computing;High level languages;Libraries;Writing;Application software;Embedded software;Software standards;Standards development;Internet;Prototypes;Python;computer languages;scientific programming;scientific computing},
doi={10.1109/MCSE.2007.58},
ISSN={1521-9615},
month={May},}
