
@ARTICLE{cmb-Planck2018-Cosmology,
       author = {{Planck Collaboration} and {Aghanim}, N. and {Akrami}, Y. and
         {Ashdown}, M. and {Aumont}, J. and {Baccigalupi}, C. and
         {Ballardini}, M. and {Banday}, A.~J. and {Barreiro}, R.~B. and
         {Bartolo}, N. and {Basak}, S. and {Battye}, R. and {Benabed}, K. and
         {Bernard}, J. -P. and {Bersanelli}, M. and {Bielewicz}, P. and
         {Bock}, J.~J. and {Bond}, J.~R. and {Borrill}, J. and {Bouchet}, F.~R. and
         {Boulanger}, F. and {Bucher}, M. and {Burigana}, C. and
         {Butler}, R.~C. and {Calabrese}, E. and {Cardoso}, J. -F. and
         {Carron}, J. and {Challinor}, A. and {Chiang}, H.~C. and {Chluba}, J. and
         {Colombo}, L.~P.~L. and {Combet}, C. and {Contreras}, D. and
         {Crill}, B.~P. and {Cuttaia}, F. and {de Bernardis}, P. and
         {de Zotti}, G. and {Delabrouille}, J. and {Delouis}, J. -M. and
         {Di Valentino}, E. and {Diego}, J.~M. and {Dor{\'e}}, O. and
         {Douspis}, M. and {Ducout}, A. and {Dupac}, X. and {Dusini}, S. and
         {Efstathiou}, G. and {Elsner}, F. and {En{\ss}lin}, T.~A. and
         {Eriksen}, H.~K. and {Fantaye}, Y. and {Farhang}, M. and
         {Fergusson}, J. and {Fernandez-Cobos}, R. and {Finelli}, F. and
         {Forastieri}, F. and {Frailis}, M. and {Fraisse}, A.~A. and
         {Franceschi}, E. and {Frolov}, A. and {Galeotta}, S. and {Galli}, S. and
         {Ganga}, K. and {G{\'e}nova-Santos}, R.~T. and {Gerbino}, M. and
         {Ghosh}, T. and {Gonz{\'a}lez-Nuevo}, J. and {G{\'o}rski}, K.~M. and
         {Gratton}, S. and {Gruppuso}, A. and {Gudmundsson}, J.~E. and
         {Hamann}, J. and {Handley}, W. and {Hansen}, F.~K. and {Herranz}, D. and
         {Hildebrandt}, S.~R. and {Hivon}, E. and {Huang}, Z. and
         {Jaffe}, A.~H. and {Jones}, W.~C. and {Karakci}, A. and
         {Keih{\"a}nen}, E. and {Keskitalo}, R. and {Kiiveri}, K. and {Kim}, J. and
         {Kisner}, T.~S. and {Knox}, L. and {Krachmalnicoff}, N. and {Kunz}, M. and
         {Kurki-Suonio}, H. and {Lagache}, G. and {Lamarre}, J. -M. and
         {Lasenby}, A. and {Lattanzi}, M. and {Lawrence}, C.~R. and
         {Le Jeune}, M. and {Lemos}, P. and {Lesgourgues}, J. and {Levrier}, F. and
         {Lewis}, A. and {Liguori}, M. and {Lilje}, P.~B. and {Lilley}, M. and
         {Lindholm}, V. and {L{\'o}pez-Caniego}, M. and {Lubin}, P.~M. and
         {Ma}, Y. -Z. and {Mac{\'\i}as-P{\'e}rez}, J.~F. and {Maggio}, G. and
         {Maino}, D. and {Mandolesi}, N. and {Mangilli}, A. and
         {Marcos-Caballero}, A. and {Maris}, M. and {Martin}, P.~G. and
         {Martinelli}, M. and {Mart{\'\i}nez-Gonz{\'a}lez}, E. and
         {Matarrese}, S. and {Mauri}, N. and {McEwen}, J.~D. and
         {Meinhold}, P.~R. and {Melchiorri}, A. and {Mennella}, A. and
         {Migliaccio}, M. and {Millea}, M. and {Mitra}, S. and
         {Miville-Desch{\^e}nes}, M. -A. and {Molinari}, D. and {Montier}, L. and
         {Morgante}, G. and {Moss}, A. and {Natoli}, P. and
         {N{\o}rgaard-Nielsen}, H.~U. and {Pagano}, L. and {Paoletti}, D. and
         {Partridge}, B. and {Patanchon}, G. and {Peiris}, H.~V. and
         {Perrotta}, F. and {Pettorino}, V. and {Piacentini}, F. and
         {Polastri}, L. and {Polenta}, G. and {Puget}, J. -L. and
         {Rachen}, J.~P. and {Reinecke}, M. and {Remazeilles}, M. and
         {Renzi}, A. and {Rocha}, G. and {Rosset}, C. and {Roudier}, G. and
         {Rubi{\~n}o-Mart{\'\i}n}, J.~A. and {Ruiz-Granados}, B. and
         {Salvati}, L. and {Sandri}, M. and {Savelainen}, M. and {Scott}, D. and
         {Shellard}, E.~P.~S. and {Sirignano}, C. and {Sirri}, G. and
         {Spencer}, L.~D. and {Sunyaev}, R. and {Suur-Uski}, A. -S. and
         {Tauber}, J.~A. and {Tavagnacco}, D. and {Tenti}, M. and
         {Toffolatti}, L. and {Tomasi}, M. and {Trombetti}, T. and
         {Valenziano}, L. and {Valiviita}, J. and {Van Tent}, B. and
         {Vibert}, L. and {Vielva}, P. and {Villa}, F. and {Vittorio}, N. and {Wand
        elt}, B.~D. and {Wehus}, I.~K. and {White}, M. and {White}, S.~D.~M. and
         {Zacchei}, A. and {Zonca}, A.},
        title = "{Planck 2018 results. VI. Cosmological parameters}",
      journal = {ap},
     keywords = {cosmic background radiation, cosmological parameters, Astrophysics - Cosmology and Nongalactic Astrophysics},
         year = 2020,
        month = sep,
       volume = {641},
          eid = {A6},
        pages = {A6},
          doi = {10.1051/0004-6361/201833910},
archivePrefix = {arXiv},
       eprint = {1807.06209},
 primaryClass = {astro-ph.CO},
       adsurl = {https://ui.adsabs.harvard.edu/abs/2020A&A...641A...6P},
      adsnote = {Provided by the SAO/NASA Astrophysics Data System}
}

@ARTICLE{revKilbinger15,
   author = {{Kilbinger}, M.},
    title = "{Cosmology with cosmic shear observations: a review}",
  journal = {Reports on Progress in Physics},
archivePrefix = "arXiv",
   eprint = {1411.0115},
     year = 2015,
    month = jul,
   volume = 78,
   number = 8,
      eid = {086901},
    pages = {086901},
      doi = {10.1088/0034-4885/78/8/086901},
   adsurl = {http://adsabs.harvard.edu/abs/2015RPPh...78h6901K},
  adsnote = {Provided by the SAO/NASA Astrophysics Data System}
}


@ARTICLE{revRachel17,
       author = {{Mandelbaum}, Rachel},
        title = "{Weak Lensing for Precision Cosmology}",
      journal = {\araa},
     keywords = {Astrophysics - Cosmology and Nongalactic Astrophysics},
         year = "2018",
        month = "Sep",
       volume = {56},
        pages = {393-433},
          doi = {10.1146/annurev-astro-081817-051928},
archivePrefix = {arXiv},
       eprint = {1710.03235},
 primaryClass = {astro-ph.CO},
       adsurl = {https://ui.adsabs.harvard.edu/abs/2018ARA&A..56..393M},
      adsnote = {Provided by the SAO/NASA Astrophysics Data System}
}

@ARTICLE{WL-massMap-Glimpse2D-Lanusse2016,
       author = {{Lanusse}, F. and {Starck}, J. -L. and {Leonard}, A. and {Pires}, S.},
        title = "{High resolution weak lensing mass mapping combining shear and flexion}",
      journal = {ap},
     keywords = {gravitational lensing: weak, methods: data analysis, galaxies: clusters: general, dark matter, Astrophysics - Cosmology and Nongalactic Astrophysics},
         year = 2016,
        month = jun,
       volume = {591},
          eid = {A2},
        pages = {A2},
          doi = {10.1051/0004-6361/201628278},
archivePrefix = {arXiv},
       eprint = {1603.01599},
 primaryClass = {astro-ph.CO},
       adsurl = {https://ui.adsabs.harvard.edu/abs/2016A&A...591A...2L},
      adsnote = {Provided by the SAO/NASA Astrophysics Data System}
}

@ARTICLE{LSS-massMap-Glimpse3D-Leonard2014,
   author = {{Leonard}, A. and {Lanusse}, F. and {Starck}, J.-L.},
    title = "{GLIMPSE: accurate 3D weak lensing reconstructions using sparsity}",
  journal = {\mnras},
archivePrefix = "arXiv",
   eprint = {1308.1353},
 keywords = {gravitational lensing: weak, methods: data analysis, methods: statistical, galaxies: clusters: general, dark matter},
     year = 2014,
    month = may,
   volume = 440,
    pages = {1281-1294},
      doi = {10.1093/mnras/stu273},
   adsurl = {https://ui.adsabs.harvard.edu/abs/2014MNRAS.440.1281L},
  adsnote = {Provided by the SAO/NASA Astrophysics Data System}
}


@ARTICLE{AdaLASSO-Zou2006,
    title = {The Adaptive Lasso and Its Oracle Properties},
    author = {Zou, Hui},
    doi={10.1198/016214506000000735},
    year = {2006},
    journal = {Journal of the American Statistical Association},
    volume = {101},
    pages = {1418-1429},
    url = {https://doi.org/10.1198/016214506000000735},
}

@ARTICLE{FISTA-Beck2009,
  added-at = {2013-02-12T16:27:38.000+0100},
  author = {Beck, Amir and Teboulle, Marc},
  biburl = {https://www.bibsonomy.org/bibtex/2d71e2ff695d732a2c07ad581bda74380/danielv},
  interhash = {1c5baf613ab8e5eb6d185935e475cc92},
  intrahash = {d71e2ff695d732a2c07ad581bda74380},
  journal = {SIAM Journal on Imaging Sciences},
  keywords = {accelerated-gradient convex fista optimization},
  number = 1,
  pages = {183--202},
  publisher = {SIAM},
  timestamp = {2013-02-12T16:27:38.000+0100},
  title = {A fast iterative shrinkage-thresholding algorithm for linear inverse problems},
  volume = 2,
  year = 2009
}

@ARTICLE{LSS-massMap-Wiener-Simon2009,
       author = {{Simon}, P. and {Taylor}, A.~N. and {Hartlap}, J.},
        title = "{Unfolding the matter distribution using three-dimensional weak gravitational lensing}",
      journal = {\mnras},
     keywords = {gravitational lensing, dark matter, large-scale structure of Universe, Astrophysics - Cosmology and Nongalactic Astrophysics},
         year = 2009,
        month = oct,
       volume = {399},
       number = {1},
        pages = {48-68},
          doi = {10.1111/j.1365-2966.2009.15246.x},
archivePrefix = {arXiv},
       eprint = {0907.0016},
 primaryClass = {astro-ph.CO},
       adsurl = {https://ui.adsabs.harvard.edu/abs/2009MNRAS.399...48S},
      adsnote = {Provided by the SAO/NASA Astrophysics Data System}
}

@ARTICLE{HSC1-massMaps,
   author = {{Oguri}, M. and {Miyazaki}, S. and {Hikage}, C. and {Mandelbaum}, R. and
	{Utsumi}, Y. and {Miyatake}, H. and {Takada}, M. and {Armstrong}, R. and
	{Bosch}, J. and {Komiyama}, Y. and {Leauthaud}, A. and {More}, S. and
	{Nishizawa}, A.~J. and {Okabe}, N. and {Tanaka}, M.},
    title = "{Two- and three-dimensional wide-field weak lensing mass maps from the Hyper Suprime-Cam Subaru Strategic Program S16A data}",
  journal = {\pasj},
archivePrefix = "arXiv",
   eprint = {1705.06792},
 keywords = {dark matter, gravitational lensing: weak, large-scale structure of universe},
     year = 2018,
    month = jan,
   volume = 70,
      eid = {S26},
    pages = {S26},
      doi = {10.1093/pasj/psx070},
   adsurl = {http://adsabs.harvard.edu/abs/2018PASJ...70S..26O},
  adsnote = {Provided by the SAO/NASA Astrophysics Data System}
}

@ARTICLE{HSC1-photoz,
       author = {{Tanaka}, Masayuki and {Coupon}, Jean and {Hsieh}, Bau-Ching and
         {Mineo}, Sogo and {Nishizawa}, Atsushi J. and {Speagle}, Joshua and
         {Furusawa}, Hisanori and {Miyazaki}, Satoshi and {Murayama}, Hitoshi},
        title = "{Photometric redshifts for Hyper Suprime-Cam Subaru Strategic Program Data Release 1}",
      journal = {Publications of the Astronomical Society of Japan},
     keywords = {cosmology: observations, galaxies: distances and redshifts, galaxies: general, surveys, Astrophysics - Astrophysics of Galaxies},
         year = "2018",
        month = "Jan",
       volume = {70},
          eid = {S9},
        pages = {S9},
          doi = {10.1093/pasj/psx077},
archivePrefix = {arXiv},
       eprint = {1704.05988},
 primaryClass = {astro-ph.GA},
       adsurl = {https://ui.adsabs.harvard.edu/\#abs/2018PASJ...70S...9T},
      adsnote = {Provided by the SAO/NASA Astrophysics Data System}
}

@ARTICLE{halo-NFW1997ApJ,
       author = {{Navarro}, Julio F. and {Frenk}, Carlos S. and {White}, Simon D.~M.},
        title = "{A Universal Density Profile from Hierarchical Clustering}",
      journal = {pj},
     keywords = {Cosmology: Theory, Cosmology: Dark Matter, Galaxies: Halos, Methods: Numerical, Astrophysics},
         year = "1997",
        month = "Dec",
       volume = {490},
       number = {2},
        pages = {493-508},
          doi = {10.1086/304888},
archivePrefix = {arXiv},
       eprint = {astro-ph/9611107},
 primaryClass = {astro-ph},
       adsurl = {https://ui.adsabs.harvard.edu/abs/1997ApJ...490..493N},
      adsnote = {Provided by the SAO/NASA Astrophysics Data System}
}

@ARTICLE{massMap-KS1993,
   author = {{Kaiser}, N. and {Squires}, G.},
    title = "{Mapping the dark matter with weak gravitational lensing}",
  journal = {pj},
 keywords = {Cosmology, Dark Matter, Galactic Clusters, Gravitational Lenses, Ellipticity, Galactic Mass, Mass Distribution},
     year = 1993,
    month = feb,
   volume = 404,
    pages = {441-450},
      doi = {10.1086/172297},
   adsurl = {http://adsabs.harvard.edu/abs/1993ApJ...404..441K},
  adsnote = {Provided by the SAO/NASA Astrophysics Data System}
}

@ARTICLE{haloModel-TJ2003-3pt,
       author = {{Takada}, Masahiro and {Jain}, Bhuvnesh},
        title = "{The three-point correlation function in cosmology}",
      journal = {\mnras},
     keywords = {cosmology: theory, large-scale structure of Universe, Astrophysics},
         year = "2003",
        month = "Apr",
       volume = {340},
       number = {2},
        pages = {580-608},
          doi = {10.1046/j.1365-8711.2003.06321.x},
archivePrefix = {arXiv},
       eprint = {astro-ph/0209167},
 primaryClass = {astro-ph},
       adsurl = {https://ui.adsabs.harvard.edu/abs/2003MNRAS.340..580T},
      adsnote = {Provided by the SAO/NASA Astrophysics Data System}
}

@ARTICLE{HSC1-data,
   author = {{Aihara}, H. and {Armstrong}, R. and {Bickerton}, S. and {Bosch}, J. and
	{Coupon}, J. and {Furusawa}, H. and {Hayashi}, Y. and {Ikeda}, H. and
	{Kamata}, Y. and {Karoji}, H. and {Kawanomoto}, S. and {Koike}, M. and
	{Komiyama}, Y. and {Lang}, D. and {Lupton}, R.~H. and {Mineo}, S. and
	{Miyatake}, H. and {Miyazaki}, S. and {Morokuma}, T. and {Obuchi}, Y. and
	{Oishi}, Y. and {Okura}, Y. and {Price}, P.~A. and {Takata}, T. and
	{Tanaka}, M.~M. and {Tanaka}, M. and {Tanaka}, Y. and {Uchida}, T. and
	{Uraguchi}, F. and {Utsumi}, Y. and {Wang}, S.-Y. and {Yamada}, Y. and
	{Yamanoi}, H. and {Yasuda}, N. and {Arimoto}, N. and {Chiba}, M. and
	{Finet}, F. and {Fujimori}, H. and {Fujimoto}, S. and {Furusawa}, J. and
	{Goto}, T. and {Goulding}, A. and {Gunn}, J.~E. and {Harikane}, Y. and
	{Hattori}, T. and {Hayashi}, M. and {He{\l}miniak}, K.~G. and
	{Higuchi}, R. and {Hikage}, C. and {Ho}, P.~T.~P. and {Hsieh}, B.-C. and
	{Huang}, K. and {Huang}, S. and {Imanishi}, M. and {Iwata}, I. and
	{Jaelani}, A.~T. and {Jian}, H.-Y. and {Kashikawa}, N. and {Katayama}, N. and
	{Kojima}, T. and {Konno}, A. and {Koshida}, S. and {Kusakabe}, H. and
	{Leauthaud}, A. and {Lee}, C.-H. and {Lin}, L. and {Lin}, Y.-T. and
	{Mandelbaum}, R. and {Matsuoka}, Y. and {Medezinski}, E. and
	{Miyama}, S. and {Momose}, R. and {More}, A. and {More}, S. and
	{Mukae}, S. and {Murata}, R. and {Murayama}, H. and {Nagao}, T. and
	{Nakata}, F. and {Niida}, M. and {Niikura}, H. and {Nishizawa}, A.~J. and
	{Oguri}, M. and {Okabe}, N. and {Ono}, Y. and {Onodera}, M. and
	{Onoue}, M. and {Ouchi}, M. and {Pyo}, T.-S. and {Shibuya}, T. and
	{Shimasaku}, K. and {Simet}, M. and {Speagle}, J. and {Spergel}, D.~N. and
	{Strauss}, M.~A. and {Sugahara}, Y. and {Sugiyama}, N. and {Suto}, Y. and
	{Suzuki}, N. and {Tait}, P.~J. and {Takada}, M. and {Terai}, T. and
	{Toba}, Y. and {Turner}, E.~L. and {Uchiyama}, H. and {Umetsu}, K. and
	{Urata}, Y. and {Usuda}, T. and {Yeh}, S. and {Yuma}, S.},
    title = "{First data release of the Hyper Suprime-Cam Subaru Strategic Program}",
  journal = {\pasj},
archivePrefix = "arXiv",
   eprint = {1702.08449},
 primaryClass = "astro-ph.IM",
 keywords = {astronomical databases, cosmology: observations, galaxies: general, surveys},
     year = 2018,
    month = jan,
   volume = 70,
      eid = {S8},
    pages = {S8},
      doi = {10.1093/pasj/psx081},
   adsurl = {http://adsabs.harvard.edu/abs/2018PASJ...70S...8A},
  adsnote = {Provided by the SAO/NASA Astrophysics Data System}
}

@ARTICLE{HSC1-catalog,
   author = {{Mandelbaum}, R. and {Miyatake}, H. and {Hamana}, T. and {Oguri}, M. and
	{Simet}, M. and {Armstrong}, R. and {Bosch}, J. and {Murata}, R. and
	{Lanusse}, F. and {Leauthaud}, A. and {Coupon}, J. and {More}, S. and
	{Takada}, M. and {Miyazaki}, S. and {Speagle}, J.~S. and {Shirasaki}, M. and
	{Sif{\'o}n}, C. and {Huang}, S. and {Nishizawa}, A.~J. and {Medezinski}, E. and
	{Okura}, Y. and {Okabe}, N. and {Czakon}, N. and {Takahashi}, R. and
	{Coulton}, W.~R. and {Hikage}, C. and {Komiyama}, Y. and {Lupton}, R.~H. and
	{Strauss}, M.~A. and {Tanaka}, M. and {Utsumi}, Y.},
    title = "{The first-year shear catalog of the Subaru Hyper Suprime-Cam Subaru Strategic Program Survey}",
  journal = {\pasj},
archivePrefix = "arXiv",
   eprint = {1705.06745},
 keywords = {cosmology: observations, gravitational lensing: weak, methods: data analysis, techniques: image processing},
     year = 2018,
    month = jan,
   volume = 70,
      eid = {S25},
    pages = {S25},
      doi = {10.1093/pasj/psx130},
   adsurl = {http://adsabs.harvard.edu/abs/2018PASJ...70S..25M},
  adsnote = {Provided by the SAO/NASA Astrophysics Data System}
}

@ARTICLE{sparseBaysianMassMap-Price2020,
       author = {{Price}, M.~A. and {Cai}, X. and {McEwen}, J.~D. and {Pereyra}, M. and
         {Kitching}, T.~D. and {LSST Dark Energy Science Collaboration}},
        title = "{Sparse Bayesian mass mapping with uncertainties: local credible intervals}",
      journal = {\mnras},
     keywords = {gravitational lensing: weak, methods: data analysis, methods: statistical, techniques: image processing, Astrophysics - Cosmology and Nongalactic Astrophysics},
         year = 2020,
        month = feb,
       volume = {492},
       number = {1},
        pages = {394-404},
          doi = {10.1093/mnras/stz3453},
archivePrefix = {arXiv},
       eprint = {1812.04017},
 primaryClass = {astro-ph.CO},
       adsurl = {https://ui.adsabs.harvard.edu/abs/2020MNRAS.492..394P},
      adsnote = {Provided by the SAO/NASA Astrophysics Data System}
}

@ARTICLE{c-M_Magneticum-Ragagnin2019,
       author = {{Ragagnin}, Antonio and {Dolag}, Klaus and {Moscardini}, Lauro and
         {Biviano}, Andrea and {D'Onofrio}, Mauro},
        title = "{Dependency of halo concentration on mass, redshift and fossilness in Magneticum hydrodynamic simulations}",
      journal = {\mnras},
     keywords = {methods: numerical, galaxies: haloes, cosmology: dark matter, Astrophysics - Cosmology and Nongalactic Astrophysics},
         year = 2019,
        month = jul,
       volume = {486},
       number = {3},
        pages = {4001-4012},
          doi = {10.1093/mnras/stz1103},
archivePrefix = {arXiv},
       eprint = {1810.08212},
 primaryClass = {astro-ph.CO},
       adsurl = {https://ui.adsabs.harvard.edu/abs/2019MNRAS.486.4001R},
      adsnote = {Provided by the SAO/NASA Astrophysics Data System}
}

@ARTICLE{DES05,
   author = {{The Dark Energy Survey Collaboration}},
    title = "{The Dark Energy Survey}",
  journal = {ArXiv Astrophysics e-prints},
   eprint = {astro-ph/0510346},
 keywords = {Astrophysics},
     year = 2005,
    month = oct,
   adsurl = {http://adsabs.harvard.edu/abs/2005astro.ph.10346T},
  adsnote = {Provided by the SAO/NASA Astrophysics Data System}
}

@ARTICLE{LSSTScienceBook,
   author = {{LSST Science Collaboration} and {Abell}, P.~A. and {Allison}, J. and
	{Anderson}, S.~F. and {Andrew}, J.~R. and {Angel}, J.~R.~P. and
	{Armus}, L. and {Arnett}, D. and {Asztalos}, S.~J. and {Axelrod}, T.~S. and et al.},
    title = "{LSST Science Book, Version 2.0}",
  journal = {ArXiv e-prints},
archivePrefix = "arXiv",
   eprint = {0912.0201},
 primaryClass = "astro-ph.IM",
 keywords = {Astrophysics - Instrumentation and Methods for Astrophysics, Astrophysics - Cosmology and Extragalactic Astrophysics, Astrophysics - Earth and Planetary Astrophysics, Astrophysics - Galaxy Astrophysics, Astrophysics - Solar and Stellar Astrophysics},
     year = 2009,
    month = dec,
   adsurl = {http://adsabs.harvard.edu/abs/2009arXiv0912.0201L},
  adsnote = {Provided by the SAO/NASA Astrophysics Data System}
}

@ARTICLE{Euclid2011,
   author = {{Laureijs}, R. and {Amiaux}, J. and {Arduini}, S. and {Augu{\`e}res}, J.~-. and
	{Brinchmann}, J. and {Cole}, R. and {Cropper}, M. and {Dabin}, C. and
	{Duvet}, L. and {Ealet}, A. and et al.},
    title = "{Euclid Definition Study Report}",
  journal = {ArXiv e-prints},
archivePrefix = "arXiv",
   eprint = {1110.3193},
 primaryClass = "astro-ph.CO",
 keywords = {Astrophysics - Cosmology and Extragalactic Astrophysics, Astrophysics - Galaxy Astrophysics},
     year = 2011,
    month = oct,
   adsurl = {http://adsabs.harvard.edu/abs/2011arXiv1110.3193L},
  adsnote = {Provided by the SAO/NASA Astrophysics Data System}
}

@ARTICLE{WFIRST15,
   author = {{Spergel}, D. and {Gehrels}, N. and {Baltay}, C. and {Bennett}, D. and
	{Breckinridge}, J. and {Donahue}, M. and {Dressler}, A. and
	{Gaudi}, B.~S. and {Greene}, T. and {Guyon}, O. and {Hirata}, C. and
	{Kalirai}, J. and {Kasdin}, N.~J. and {Macintosh}, B. and {Moos}, W. and
	{Perlmutter}, S. and {Postman}, M. and {Rauscher}, B. and {Rhodes}, J. and
	{Wang}, Y. and {Weinberg}, D. and {Benford}, D. and {Hudson}, M. and
	{Jeong}, W.-S. and {Mellier}, Y. and {Traub}, W. and {Yamada}, T. and
	{Capak}, P. and {Colbert}, J. and {Masters}, D. and {Penny}, M. and
	{Savransky}, D. and {Stern}, D. and {Zimmerman}, N. and {Barry}, R. and
	{Bartusek}, L. and {Carpenter}, K. and {Cheng}, E. and {Content}, D. and
	{Dekens}, F. and {Demers}, R. and {Grady}, K. and {Jackson}, C. and
	{Kuan}, G. and {Kruk}, J. and {Melton}, M. and {Nemati}, B. and
	{Parvin}, B. and {Poberezhskiy}, I. and {Peddie}, C. and {Ruffa}, J. and
	{Wallace}, J.~K. and {Whipple}, A. and {Wollack}, E. and {Zhao}, F.
	},
    title = "{Wide-Field InfrarRed Survey Telescope-Astrophysics Focused Telescope Assets WFIRST-AFTA 2015 Report}",
  journal = {ArXiv e-prints},
archivePrefix = "arXiv",
   eprint = {1503.03757},
 primaryClass = "astro-ph.IM",
 keywords = {Astrophysics - Instrumentation and Methods for Astrophysics},
     year = 2015,
    month = mar,
   adsurl = {http://adsabs.harvard.edu/abs/2015arXiv150303757S},
  adsnote = {Provided by the SAO/NASA Astrophysics Data System}
}

@ARTICLE{KIDS13,
       author = {{de Jong}, Jelte T.~A. and {Verdoes Kleijn}, Gijs A. and
         {Kuijken}, Konrad H. and {Valentijn}, Edwin A.},
        title = "{The Kilo-Degree Survey}",
      journal = {Experimental Astronomy},
     keywords = {Wide-field imaging, Survey system, VLT/VST, Weak gravitational lensing, Photometric redshifts, Astrophysics - Cosmology and Nongalactic Astrophysics, Astrophysics - Instrumentation and Methods for Astrophysics},
         year = 2013,
        month = jan,
       volume = {35},
       number = {1-2},
        pages = {25-44},
          doi = {10.1007/s10686-012-9306-1},
archivePrefix = {arXiv},
       eprint = {1206.1254},
 primaryClass = {astro-ph.CO},
       adsurl = {https://ui.adsabs.harvard.edu/abs/2013ExA....35...25D},
      adsnote = {Provided by the SAO/NASA Astrophysics Data System}
}

@ARTICLE{DES-SV-massMap-sparsity,
       author = {{Jeffrey}, N. and {Abdalla}, F.~B. and {Lahav}, O. and {Lanusse}, F. and
         {Starck}, J. -L. and {Leonard}, A. and {Kirk}, D. and {Chang}, C. and
         {Baxter}, E. and {Kacprzak}, T. and {Seitz}, S. and {Vikram}, V. and
         {Whiteway}, L. and {Abbott}, T.~M.~C. and {Allam}, S. and {Avila}, S. and
         {Bertin}, E. and {Brooks}, D. and {Carnero Rosell}, A. and
         {Carrasco Kind}, M. and {Carretero}, J. and {Castander}, F.~J. and
         {Crocce}, M. and {Cunha}, C.~E. and {D'Andrea}, C.~B. and
         {da Costa}, L.~N. and {Davis}, C. and {De Vicente}, J. and {Desai}, S. and
         {Doel}, P. and {Eifler}, T.~F. and {Evrard}, A.~E. and {Flaugher}, B. and
         {Fosalba}, P. and {Frieman}, J. and {Garc{\'\i}a-Bellido}, J. and
         {Gerdes}, D.~W. and {Gruen}, D. and {Gruendl}, R.~A. and
         {Gschwend}, J. and {Gutierrez}, G. and {Hartley}, W.~G. and
         {Honscheid}, K. and {Hoyle}, B. and {James}, D.~J. and {Jarvis}, M. and
         {Kuehn}, K. and {Lima}, M. and {Lin}, H. and {March}, M. and
         {Melchior}, P. and {Menanteau}, F. and {Miquel}, R. and
         {Plazas}, A.~A. and {Reil}, K. and {Roodman}, A. and {Sanchez}, E. and
         {Scarpine}, V. and {Schubnell}, M. and {Sevilla-Noarbe}, I. and
         {Smith}, M. and {Soares-Santos}, M. and {Sobreira}, F. and
         {Suchyta}, E. and {Swanson}, M.~E.~C. and {Tarle}, G. and {Thomas}, D. and
         {Walker}, A.~R.},
        title = "{Improving weak lensing mass map reconstructions using Gaussian and sparsity priors: application to DES SV}",
      journal = {\mnras},
     keywords = {gravitational lensing: weak, methods: statistical, large-scale structure of Universe, Astrophysics - Cosmology and Nongalactic Astrophysics},
         year = "2018",
        month = "Sep",
       volume = {479},
       number = {3},
        pages = {2871-2888},
          doi = {10.1093/mnras/sty1252},
archivePrefix = {arXiv},
       eprint = {1801.08945},
 primaryClass = {astro-ph.CO},
       adsurl = {https://ui.adsabs.harvard.edu/abs/2018MNRAS.479.2871J},
      adsnote = {Provided by the SAO/NASA Astrophysics Data System}
}

@ARTICLE{massMapDES-Chang2018,
       author = {{Chang}, C. and {Pujol}, A. and {Mawdsley}, B. and {Bacon}, D. and
         {Elvin-Poole}, J. and {Melchior}, P. and {Kov{\'a}cs}, A. and
         {Jain}, B. and {Leistedt}, B. and {Giannantonio}, T. and {Alarcon}, A. and
         {Baxter}, E. and {Bechtol}, K. and {Becker}, M.~R. and
         {Benoit-L{\'e}vy}, A. and {Bernstein}, G.~M. and {Bonnett}, C. and
         {Busha}, M.~T. and {Carnero Rosell}, A. and {Castander}, F.~J. and
         {Cawthon}, R. and {da Costa}, L.~N. and {Davis}, C. and
         {De Vicente}, J. and {DeRose}, J. and {Drlica-Wagner}, A. and
         {Fosalba}, P. and {Gatti}, M. and {Gaztanaga}, E. and {Gruen}, D. and
         {Gschwend}, J. and {Hartley}, W.~G. and {Hoyle}, B. and {Huff}, E.~M. and
         {Jarvis}, M. and {Jeffrey}, N. and {Kacprzak}, T. and {Lin}, H. and
         {MacCrann}, N. and {Maia}, M.~A.~G. and {Ogando}, R.~L.~C. and
         {Prat}, J. and {Rau}, M.~M. and {Rollins}, R.~P. and {Roodman}, A. and
         {Rozo}, E. and {Rykoff}, E.~S. and {Samuroff}, S. and
         {S{\'a}nchez}, C. and {Sevilla-Noarbe}, I. and {Sheldon}, E. and
         {Troxel}, M.~A. and {Varga}, T.~N. and {Vielzeuf}, P. and {Vikram}, V. and
         {Wechsler}, R.~H. and {Zuntz}, J. and {Abbott}, T.~M.~C. and
         {Abdalla}, F.~B. and {Allam}, S. and {Annis}, J. and {Bertin}, E. and
         {Brooks}, D. and {Buckley-Geer}, E. and {Burke}, D.~L. and
         {Carrasco Kind}, M. and {Carretero}, J. and {Crocce}, M. and
         {Cunha}, C.~E. and {D'Andrea}, C.~B. and {Desai}, S. and
         {Diehl}, H.~T. and {Dietrich}, J.~P. and {Doel}, P. and {Estrada}, J. and
         {Fausti Neto}, A. and {Fernandez}, E. and {Flaugher}, B. and
         {Frieman}, J. and {Garc{\'\i}a-Bellido}, J. and {Gruendl}, R.~A. and
         {Gutierrez}, G. and {Honscheid}, K. and {James}, D.~J. and
         {Jeltema}, T. and {Johnson}, M.~W.~G. and {Johnson}, M.~D. and
         {Kent}, S. and {Kirk}, D. and {Krause}, E. and {Kuehn}, K. and
         {Kuhlmann}, S. and {Lahav}, O. and {Li}, T.~S. and {Lima}, M. and
         {March}, M. and {Martini}, P. and {Menanteau}, F. and {Miquel}, R. and
         {Mohr}, J.~J. and {Neilsen}, E. and {Nichol}, R.~C. and
         {Petravick}, D. and {Plazas}, A.~A. and {Romer}, A.~K. and {Sako}, M. and
         {Sanchez}, E. and {Scarpine}, V. and {Schubnell}, M. and {Smith}, M. and
         {Smith}, R.~C. and {Soares-Santos}, M. and {Sobreira}, F. and
         {Suchyta}, E. and {Tarle}, G. and {Thomas}, D. and {Tucker}, D.~L. and
         {Walker}, A.~R. and {Wester}, W. and {Zhang}, Y. and
         {DES Collaboration}},
        title = "{Dark Energy Survey Year 1 results: curved-sky weak lensing mass map}",
      journal = {\mnras},
     keywords = {gravitational lensing: weak, surveys, dark matter, Astrophysics - Cosmology and Nongalactic Astrophysics},
         year = 2018,
        month = apr,
       volume = {475},
       number = {3},
        pages = {3165-3190},
          doi = {10.1093/mnras/stx3363},
archivePrefix = {arXiv},
       eprint = {1708.01535},
 primaryClass = {astro-ph.CO},
       adsurl = {https://ui.adsabs.harvard.edu/abs/2018MNRAS.475.3165C},
      adsnote = {Provided by the SAO/NASA Astrophysics Data System}
}

@ARTICLE{massMap_KIDS450_prediction2018,
       author = {{Shan}, HuanYuan and {Liu}, Xiangkun and {Hildebrandt}, Hendrik and
         {Pan}, Chuzhong and {Martinet}, Nicolas and {Fan}, Zuhui and
         {Schneider}, Peter and {Asgari}, Marika and
         {Harnois-D{\'e}raps}, Joachim and {Hoekstra}, Henk and {Wright}, Angus and
         {Dietrich}, J{\"o}rg P. and {Erben}, Thomas and {Getman}, Fedor and
         {Grado}, Aniello and {Heymans}, Catherine and {Klaes}, Dominik and
         {Kuijken}, Konrad and {Merten}, Julian and {Puddu}, Emanuella and
         {Radovich}, Mario and {Wang}, Qiao},
        title = "{KiDS-450: cosmological constraints from weak lensing peak statistics - I. Inference from analytical prediction of high signal-to-noise ratio convergence peaks}",
      journal = {\mnras},
     keywords = {gravitational lensing: weak, dark matter, large-scale structure of Universe, Astrophysics - Cosmology and Nongalactic Astrophysics},
         year = "2018",
        month = "Feb",
       volume = {474},
       number = {1},
        pages = {1116-1134},
          doi = {10.1093/mnras/stx2837},
archivePrefix = {arXiv},
       eprint = {1709.07651},
 primaryClass = {astro-ph.CO},
       adsurl = {https://ui.adsabs.harvard.edu/abs/2018MNRAS.474.1116S},
      adsnote = {Provided by the SAO/NASA Astrophysics Data System}
}

@ARTICLE{gglens-GAMA-Han2014,
       author = {{Han}, Jiaxin and {Eke}, Vincent R. and {Frenk}, Carlos S. and {Mand
        elbaum}, Rachel and {Norberg}, Peder and {Schneider}, Michael D. and
         {Peacock}, John A. and {Jing}, Yipeng and {Baldry}, Ivan and {Bland
        -Hawthorn}, Joss},
        title = "{Galaxy And Mass Assembly (GAMA): the halo mass of galaxy groups from maximum-likelihood weak lensing}",
      journal = {\mnras},
     keywords = {gravitational lensing: weak, methods: data analysis, dark matter, galaxies: clusters, Astrophysics - Cosmology and Nongalactic Astrophysics, Astrophysics - Astrophysics of Galaxies},
         year = "2015",
        month = "Jan",
       volume = {446},
       number = {2},
        pages = {1356-1379},
          doi = {10.1093/mnras/stu2178},
archivePrefix = {arXiv},
       eprint = {1404.6828},
 primaryClass = {astro-ph.CO},
       adsurl = {https://ui.adsabs.harvard.edu/abs/2015MNRAS.446.1356H},
      adsnote = {Provided by the SAO/NASA Astrophysics Data System}
}

@ARTICLE{gglens-BossCFHTMore2015,
	doi = {10.1088/0004-637x/806/1/2},
	url = {https://doi.org/10.1088%2F0004-637x%2F806%2F1%2F2},
	year = 2015,
	month = {jun},
	publisher = {{IOP} Publishing},
	volume = {806},
	number = {1},
	pages = {2},
	author = {Surhud More and Hironao Miyatake and Rachel Mandelbaum and Masahiro Takada and David. N. Spergel and Joel R. Brownstein and Donald P. Schneider},
	title = {{THE} {WEAK} {LENSING} {SIGNAL} {AND} {THE} {CLUSTERING} {OF} {BOSS} {GALAXIES}. {II}. {ASTROPHYSICAL} {AND} {COSMOLOGICAL} {CONSTRAINTS}},
	journal = {The Astrophysical Journal},
	abstract = {We perform a joint analysis of the abundance, the clustering, and the galaxy–galaxy lensing signal of galaxies measured from Data Release 11 of the Sloan Digital Sky Survey III Baryon Oscillation Spectroscopic Survey in our companion paper, Miyatake et al. The lensing signal was obtained by using the shape catalog of background galaxies from the Canada France Hawaii Telescope Legacy Survey, which was made publicly available by the CFHTLenS collaboration, with an area overlap of about 105 deg2. We analyze the data in the framework of the halo model in order to fit halo occupation parameters and cosmological parameters (Ω and ) to these observables simultaneously, and thus break the degeneracy between galaxy bias and cosmology. Adopting a flat ΛCDM cosmology with priors on Ω, , and h from the analysis of WMAP  9 yr data, we obtain constraints on the stellar mass–halo mass relation of galaxies in our sample. Marginalizing over the halo occupation distribution parameters and a number of other nuisance parameters in our model, we obtain Ω and  (68% confidence). We demonstrate the robustness of our results with respect to sample selection and a variety of systematics such as the halo off-centering effect and possible incompleteness in our sample. Our constraints are consistent, complementary, and competitive with those obtained using other independent probes of these cosmological parameters. The cosmological analysis is the first of its kind to be performed at a redshift as high as 0.53.}
}


@ARTICLE{gglens-DES1,
  title = {Dark Energy Survey year 1 results: Galaxy-galaxy lensing},
  author = {Prat, J. and S\'anchez, C. and Fang, Y. and Gruen, D. and Elvin-Poole, J. and Kokron, N. and Secco, L. F. and Jain, B. and Miquel, R. and MacCrann, N. and Troxel, M. A. and Alarcon, A. and Bacon, D. and Bernstein, G. M. and Blazek, J. and Cawthon, R. and Chang, C. and Crocce, M. and Davis, C. and De Vicente, J. and Dietrich, J. P. and Drlica-Wagner, A. and Friedrich, O. and Gatti, M. and Hartley, W. G. and Hoyle, B. and Huff, E. M. and Jarvis, M. and Rau, M. M. and Rollins, R. P. and Ross, A. J. and Rozo, E. and Rykoff, E. S. and Samuroff, S. and Sheldon, E. and Varga, T. N. and Vielzeuf, P. and Zuntz, J. and Abbott, T. M. C. and Abdalla, F. B. and Allam, S. and Annis, J. and Bechtol, K. and Benoit-L\'evy, A. and Bertin, E. and Brooks, D. and Buckley-Geer, E. and Burke, D. L. and Carnero Rosell, A. and Carrasco Kind, M. and Carretero, J. and Castander, F. J. and Cunha, C. E. and D'Andrea, C. B. and da Costa, L. N. and Desai, S. and Diehl, H. T. and Dodelson, S. and Eifler, T. F. and Fernandez, E. and Flaugher, B. and Fosalba, P. and Frieman, J. and Garc\'{\i}a-Bellido, J. and Gaztanaga, E. and Gerdes, D. W. and Giannantonio, T. and Goldstein, D. A. and Gruendl, R. A. and Gschwend, J. and Gutierrez, G. and Honscheid, K. and James, D. J. and Jeltema, T. and Johnson, M. W. G. and Johnson, M. D. and Kirk, D. and Krause, E. and Kuehn, K. and Kuhlmann, S. and Lahav, O. and Li, T. S. and Lima, M. and Maia, M. A. G. and March, M. and Marshall, J. L. and Martini, P. and Melchior, P. and Menanteau, F. and Mohr, J. J. and Nichol, R. C. and Nord, B. and Plazas, A. A. and Romer, A. K. and Roodman, A. and Sako, M. and Sanchez, E. and Scarpine, V. and Schindler, R. and Schubnell, M. and Sevilla-Noarbe, I. and Smith, M. and Smith, R. C. and Soares-Santos, M. and Sobreira, F. and Suchyta, E. and Swanson, M. E. C. and Tarle, G. and Thomas, D. and Tucker, D. L. and Vikram, V. and Walker, A. R. and Wechsler, R. H. and Yanny, B. and Zhang, Y.},
  collaboration = {Dark Energy Survey Collaboration},
  journal = {Phys. Rev. D},
  volume = {98},
  issue = {4},
  pages = {042005},
  numpages = {27},
  year = {2018},
  month = {Aug},
  publisher = {American Physical Society},
  doi = {10.1103/PhysRevD.98.042005},
  url = {https://link.aps.org/doi/10.1103/PhysRevD.98.042005}
}

@ARTICLE{cosmicShear-DES1,
  title = {Dark Energy Survey Year 1 results: Cosmological constraints from cosmic shear},
  author = {Troxel, M. A. and MacCrann, N. and Zuntz, J. and Eifler, T. F. and Krause, E. and Dodelson, S. and Gruen, D. and Blazek, J. and Friedrich, O. and Samuroff, S. and Prat, J. and Secco, L. F. and Davis, C. and Fert\'e, A. and DeRose, J. and Alarcon, A. and Amara, A. and Baxter, E. and Becker, M. R. and Bernstein, G. M. and Bridle, S. L. and Cawthon, R. and Chang, C. and Choi, A. and De Vicente, J. and Drlica-Wagner, A. and Elvin-Poole, J. and Frieman, J. and Gatti, M. and Hartley, W. G. and Honscheid, K. and Hoyle, B. and Huff, E. M. and Huterer, D. and Jain, B. and Jarvis, M. and Kacprzak, T. and Kirk, D. and Kokron, N. and Krawiec, C. and Lahav, O. and Liddle, A. R. and Peacock, J. and Rau, M. M. and Refregier, A. and Rollins, R. P. and Rozo, E. and Rykoff, E. S. and S\'anchez, C. and Sevilla-Noarbe, I. and Sheldon, E. and Stebbins, A. and Varga, T. N. and Vielzeuf, P. and Wang, M. and Wechsler, R. H. and Yanny, B. and Abbott, T. M. C. and Abdalla, F. B. and Allam, S. and Annis, J. and Bechtol, K. and Benoit-L\'evy, A. and Bertin, E. and Brooks, D. and Buckley-Geer, E. and Burke, D. L. and Carnero Rosell, A. and Carrasco Kind, M. and Carretero, J. and Castander, F. J. and Crocce, M. and Cunha, C. E. and D'Andrea, C. B. and da Costa, L. N. and DePoy, D. L. and Desai, S. and Diehl, H. T. and Dietrich, J. P. and Doel, P. and Fernandez, E. and Flaugher, B. and Fosalba, P. and Garc\'{\i}a-Bellido, J. and Gaztanaga, E. and Gerdes, D. W. and Giannantonio, T. and Goldstein, D. A. and Gruendl, R. A. and Gschwend, J. and Gutierrez, G. and James, D. J. and Jeltema, T. and Johnson, M. W. G. and Johnson, M. D. and Kent, S. and Kuehn, K. and Kuhlmann, S. and Kuropatkin, N. and Li, T. S. and Lima, M. and Lin, H. and Maia, M. A. G. and March, M. and Marshall, J. L. and Martini, P. and Melchior, P. and Menanteau, F. and Miquel, R. and Mohr, J. J. and Neilsen, E. and Nichol, R. C. and Nord, B. and Petravick, D. and Plazas, A. A. and Romer, A. K. and Roodman, A. and Sako, M. and Sanchez, E. and Scarpine, V. and Schindler, R. and Schubnell, M. and Smith, M. and Smith, R. C. and Soares-Santos, M. and Sobreira, F. and Suchyta, E. and Swanson, M. E. C. and Tarle, G. and Thomas, D. and Tucker, D. L. and Vikram, V. and Walker, A. R. and Weller, J. and Zhang, Y.},
  collaboration = {Dark Energy Survey Collaboration},
  journal = {Phys. Rev. D},
  volume = {98},
  issue = {4},
  pages = {043528},
  numpages = {33},
  year = {2018},
  month = {Aug},
  publisher = {American Physical Society},
  doi = {10.1103/PhysRevD.98.043528},
  url = {https://link.aps.org/doi/10.1103/PhysRevD.98.043528}
}

@ARTICLE{cosmicShear_HSC1_Chiaki2019,
   author = {{Hikage}, Chiaki and {Oguri}, Masamune and {Hamana}, Takashi and
     {More}, Surhud and {Mandelbaum}, Rachel and {Takada}, Masahiro and
     {K{\"o}hlinger}, Fabian and {Miyatake}, Hironao and
     {Nishizawa}, Atsushi J. and {Aihara}, Hiroaki and {Armstrong}, Robert and
     {Bosch}, James and {Coupon}, Jean and {Ducout}, Anne and {Ho}, Paul and
     {Hsieh}, Bau-Ching and {Komiyama}, Yutaka and
     {Lanusse}, Francois and {Leauthaud}, Alexie and
     {Lupton}, Robert H. and {Medezinski}, Elinor and {Mineo}, Sogo and
     {Miyama}, Shoken and {Miyazaki}, Satoshi and {Murata}, Ryoma and
     {Murayama}, Hitoshi and {Shirasaki}, Masato and
     {Sif{\'o}n}, Crist{\'o}bal and {Simet}, Melanie and {Speagle}, Joshua and
     {Spergel}, David N. and {Strauss}, Michael A. and {Sugiyama}, Naoshi and
     {Tanaka}, Masayuki and {Utsumi}, Yousuke and {Wang}, Shiang-Yu and
     {Yamada}, Yoshihiko},
    title = "{Cosmology from cosmic shear power spectra with Subaru Hyper Suprime-Cam first-year data}",
    journal = {\pasj},
    keywords = {dark matter, gravitational lensing: weak, large-scale structure of universe, Astrophysics - Cosmology and Nongalactic Astrophysics},
    year = "2019",
    month = "Apr",
    volume = {71},
    number = {2},
    eid = {43},
    pages = {43},
    doi = {10.1093/pasj/psz010},
archivePrefix = {arXiv},
    eprint = {1809.09148},
primaryClass = {astro-ph.CO},
    adsurl = {https://ui.adsabs.harvard.edu/abs/2019PASJ...71...43H},
    adsnote = {Provided by the SAO/NASA Astrophysics Data System}
}

@ARTICLE{cosmicShear_HSC1_Hamana2019,
       author = {{Hamana}, Takashi and {Shirasaki}, Masato and {Miyazaki}, Satoshi and
         {Hikage}, Chiaki and {Oguri}, Masamune and {More}, Surhud and
         {Armstrong}, Robert and {Leauthaud}, Alexie and {Mandelbaum}, Rachel and
         {Miyatake}, Hironao and {Nishizawa}, Atsushi J. and {Simet}, Melanie and
         {Takada}, Masahiro and {Aihara}, Hiroaki and {Bosch}, James and
         {Komiyama}, Yutaka and {Lupton}, Robert and {Murayama}, Hitoshi and
         {Strauss}, Michael A. and {Tanaka}, Masayuki},
        title = "{Cosmological constraints from cosmic shear two-point correlation functions with HSC survey first-year data}",
      journal = {\pasj},
     keywords = {cosmological parameters, cosmology: observations, dark matter, large-scale structure of universe, Astrophysics - Cosmology and Nongalactic Astrophysics},
         year = 2020,
        month = feb,
       volume = {72},
       number = {1},
          eid = {16},
        pages = {16},
          doi = {10.1093/pasj/psz138},
archivePrefix = {arXiv},
       eprint = {1906.06041},
 primaryClass = {astro-ph.CO},
       adsurl = {https://ui.adsabs.harvard.edu/abs/2020PASJ...72...16H},
      adsnote = {Provided by the SAO/NASA Astrophysics Data System}
}

@ARTICLE{cosmicShearRealKids450,
    author = {Morrison, C B and Klaes, D and van den Busch, J L and Schneider, P and Simon, P and Nakajima, R and Erben, T and Hildebrandt, H and Grado, A and Napolitano, N and Mead, A and Van Waerbeke, L and Radovich, M and Dvornik, A and Köhlinger, F and Hoekstra, H and de Jong, J T A and Kuijken, K and Herbonnet, R and Viola, M and Amon, A and Choi, A and Heymans, C and Peacock, J A and Harnois-Déraps, J and Blake, C and Joudaki, S and Joachimi, B and van Uitert, E and Merten, J and Miller, L and Valentijn, E A and Verdoes Kleijn, G and McFarland, J and Covone, G and Fenech Conti, I},
    title = "{KiDS-450: cosmological parameter constraints from tomographic weak gravitational lensing}",
    journal = {Monthly Notices of the Royal Astronomical Society},
    volume = {465},
    number = {2},
    pages = {1454-1498},
    year = {2016},
    month = {10},
    issn = {0035-8711},
    doi = {10.1093/mnras/stw2805},
    url = {https://doi.org/10.1093/mnras/stw2805},
    eprint = {http://oup.prod.sis.lan/mnras/article-pdf/465/2/1454/24243465/stw2805.pdf}
}

@INBOOK{Starlet-Starck2015,
title = "Starlet transform in astronomical data processing",
abstract = "We begin with traditional source detection algorithms in astronomy. We then introduce the sparsity data model. The starlet wavelet transform serves as our main focus in this article. Sparse modeling and noise modeling are described. Applications to object detection and characterization, and to image filtering and deconvolution, are discussed. The multiscale vision model is a further development of this work, which can allow for image reconstruction when the point spread function is not known or not known well. Bayesian and other algorithms are described for image restoration. A range of examples is used to illustrate the algorithms.",
keywords = "Point Spread Function, Wavelet Coefficient, Nonnegative Matrix Factorization, Blind Deconvolution, Poisson Noise",
author = "Starck, {Jean Luc} and Fionn Murtagh and Mario Bertero",
year = "2015",
month = may,
day = "30",
doi = "10.1007/978-1-4939-0790-8_34",
language = "English",
isbn = "9781493907892",
volume = "1",
pages = "2053--2098",
editor = "Otmar Scherzer",
booktitle = "Handbook of Mathematical Methods in Imaging",
publisher = "Springer New York",
address = "United States",
}

@ARTICLE{structureAdaLasso-Pramanik2020,
       author = {{Pramanik}, Sandipan and {Zhang}, Xianyang},
        title = "{Structure Adaptive Lasso}",
      journal = {arXiv e-prints},
     keywords = {Statistics - Methodology},
         year = 2020,
        month = jun,
          eid = {arXiv:2006.02041},
        pages = {arXiv:2006.02041},
archivePrefix = {arXiv},
       eprint = {2006.02041},
 primaryClass = {stat.ME},
       adsurl = {https://ui.adsabs.harvard.edu/abs/2020arXiv200602041P},
      adsnote = {Provided by the SAO/NASA Astrophysics Data System}
}

@ARTICLE{KIDS_VIKING-Hildebrant2020,
       author = {{Hildebrandt}, H. and {K{\"o}hlinger}, F. and {van den Busch}, J.~L. and
         {Joachimi}, B. and {Heymans}, C. and {Kannawadi}, A. and
         {Wright}, A.~H. and {Asgari}, M. and {Blake}, C. and {Hoekstra}, H. and
         {Joudaki}, S. and {Kuijken}, K. and {Miller}, L. and {Morrison}, C.~B. and
         {Tr{\"o}ster}, T. and {Amon}, A. and {Archidiacono}, M. and
         {Brieden}, S. and {Choi}, A. and {de Jong}, J.~T.~A. and {Erben}, T. and
         {Giblin}, B. and {Mead}, A. and {Peacock}, J.~A. and {Radovich}, M. and
         {Schneider}, P. and {Sif{\'o}n}, C. and {Tewes}, M.},
        title = "{KiDS+VIKING-450: Cosmic shear tomography with optical and infrared data}",
      journal = {ap},
     keywords = {cosmology: observations, gravitational lensing: weak, galaxies: photometry, surveys, Astrophysics - Cosmology and Nongalactic Astrophysics},
         year = 2020,
        month = jan,
       volume = {633},
          eid = {A69},
        pages = {A69},
          doi = {10.1051/0004-6361/201834878},
archivePrefix = {arXiv},
       eprint = {1812.06076},
 primaryClass = {astro-ph.CO},
       adsurl = {https://ui.adsabs.harvard.edu/abs/2020A&A...633A..69H},
      adsnote = {Provided by the SAO/NASA Astrophysics Data System}
}

@ARTICLE{MLZ-TPZ2013,
       author = {{Carrasco Kind}, Matias and {Brunner}, Robert J.},
        title = "{TPZ: photometric redshift PDFs and ancillary information by using prediction trees and random forests}",
      journal = {\mnras},
     keywords = {methods: data analysis, methods: statistical, surveys, galaxies: distances and redshift, galaxies: statistics, Astrophysics - Cosmology and Nongalactic Astrophysics},
         year = 2013,
        month = jun,
       volume = {432},
       number = {2},
        pages = {1483-1501},
          doi = {10.1093/mnras/stt574},
archivePrefix = {arXiv},
       eprint = {1303.7269},
 primaryClass = {astro-ph.CO},
       adsurl = {https://ui.adsabs.harvard.edu/abs/2013MNRAS.432.1483C},
      adsnote = {Provided by the SAO/NASA Astrophysics Data System}
}

