====
Basics
====
@ARTICLE{massMap-KS1993,
   author = {{Kaiser}, N. and {Squires}, G.},
    title = "{Mapping the dark matter with weak gravitational lensing}",
  journal = {\apj},
 keywords = {Cosmology, Dark Matter, Galactic Clusters, Gravitational Lenses, Ellipticity, Galactic Mass, Mass Distribution},
     year = 1993,
    month = feb,
   volume = 404,
    pages = {441-450},
      doi = {10.1086/172297},
   adsurl = {http://adsabs.harvard.edu/abs/1993ApJ...404..441K},
  adsnote = {Provided by the SAO/NASA Astrophysics Data System}
}




@ARTICLE{LSS-massMap-Wiener-Simon2009,
       author = {{Simon}, P. and {Taylor}, A.~N. and {Hartlap}, J.},
        title = "{Unfolding the matter distribution using three-dimensional weak gravitational lensing}",
      journal = {\mnras},
     keywords = {gravitational lensing, dark matter, large-scale structure of Universe, Astrophysics - Cosmology and Nongalactic Astrophysics},
         year = 2009,
        month = oct,
       volume = {399},
       number = {1},
        pages = {48-68},
          doi = {10.1111/j.1365-2966.2009.15246.x},
archivePrefix = {arXiv},
       eprint = {0907.0016},
 primaryClass = {astro-ph.CO},
       adsurl = {https://ui.adsabs.harvard.edu/abs/2009MNRAS.399...48S},
      adsnote = {Provided by the SAO/NASA Astrophysics Data System}
}



@ARTICLE{LSS-massMap-Glimpse3D-Leonard2014,
   author = {{Leonard}, A. and {Lanusse}, F. and {Starck}, J.-L.},
    title = "{GLIMPSE: accurate 3D weak lensing reconstructions using sparsity}",
  journal = {\mnras},
archivePrefix = "arXiv",
   eprint = {1308.1353},
 keywords = {gravitational lensing: weak, methods: data analysis, methods: statistical, galaxies: clusters: general, dark matter},
     year = 2014,
    month = may,
   volume = 440,
    pages = {1281-1294},
      doi = {10.1093/mnras/stu273},
   adsurl = {https://ui.adsabs.harvard.edu/abs/2014MNRAS.440.1281L},
  adsnote = {Provided by the SAO/NASA Astrophysics Data System}
}


@ARTICLE{HSC1-massMaps,
   author = {{Oguri}, M. and {Miyazaki}, S. and {Hikage}, C. and {Mandelbaum}, R. and
	{Utsumi}, Y. and {Miyatake}, H. and {Takada}, M. and {Armstrong}, R. and
	{Bosch}, J. and {Komiyama}, Y. and {Leauthaud}, A. and {More}, S. and
	{Nishizawa}, A.~J. and {Okabe}, N. and {Tanaka}, M.},
    title = "{Two- and three-dimensional wide-field weak lensing mass maps from the Hyper Suprime-Cam Subaru Strategic Program S16A data}",
  journal = {\pasj},
archivePrefix = "arXiv",
   eprint = {1705.06792},
 keywords = {dark matter, gravitational lensing: weak, large-scale structure of universe},
     year = 2018,
    month = jan,
   volume = 70,
      eid = {S26},
    pages = {S26},
      doi = {10.1093/pasj/psx070},
   adsurl = {http://adsabs.harvard.edu/abs/2018PASJ...70S..26O},
  adsnote = {Provided by the SAO/NASA Astrophysics Data System}
}



@ARTICLE{DES-SV-massMap-sparsity,
       author = {{Jeffrey}, N. and {Abdalla}, F.~B. and {Lahav}, O. and {Lanusse}, F. and
         {Starck}, J. -L. and {Leonard}, A. and {Kirk}, D. and {Chang}, C. and
         {Baxter}, E. and {Kacprzak}, T. and {Seitz}, S. and {Vikram}, V. and
         {Whiteway}, L. and {Abbott}, T.~M.~C. and {Allam}, S. and {Avila}, S. and
         {Bertin}, E. and {Brooks}, D. and {Carnero Rosell}, A. and
         {Carrasco Kind}, M. and {Carretero}, J. and {Castander}, F.~J. and
         {Crocce}, M. and {Cunha}, C.~E. and {D'Andrea}, C.~B. and
         {da Costa}, L.~N. and {Davis}, C. and {De Vicente}, J. and {Desai}, S. and
         {Doel}, P. and {Eifler}, T.~F. and {Evrard}, A.~E. and {Flaugher}, B. and
         {Fosalba}, P. and {Frieman}, J. and {Garc{\'\i}a-Bellido}, J. and
         {Gerdes}, D.~W. and {Gruen}, D. and {Gruendl}, R.~A. and
         {Gschwend}, J. and {Gutierrez}, G. and {Hartley}, W.~G. and
         {Honscheid}, K. and {Hoyle}, B. and {James}, D.~J. and {Jarvis}, M. and
         {Kuehn}, K. and {Lima}, M. and {Lin}, H. and {March}, M. and
         {Melchior}, P. and {Menanteau}, F. and {Miquel}, R. and
         {Plazas}, A.~A. and {Reil}, K. and {Roodman}, A. and {Sanchez}, E. and
         {Scarpine}, V. and {Schubnell}, M. and {Sevilla-Noarbe}, I. and
         {Smith}, M. and {Soares-Santos}, M. and {Sobreira}, F. and
         {Suchyta}, E. and {Swanson}, M.~E.~C. and {Tarle}, G. and {Thomas}, D. and
         {Walker}, A.~R.},
        title = "{Improving weak lensing mass map reconstructions using Gaussian and sparsity priors: application to DES SV}",
      journal = {\mnras},
     keywords = {gravitational lensing: weak, methods: statistical, large-scale structure of Universe, Astrophysics - Cosmology and Nongalactic Astrophysics},
         year = "2018",
        month = "Sep",
       volume = {479},
       number = {3},
        pages = {2871-2888},
          doi = {10.1093/mnras/sty1252},
archivePrefix = {arXiv},
       eprint = {1801.08945},
 primaryClass = {astro-ph.CO},
       adsurl = {https://ui.adsabs.harvard.edu/abs/2018MNRAS.479.2871J},
      adsnote = {Provided by the SAO/NASA Astrophysics Data System}
}


@ARTICLE{HSC1-massMap-cluster,
       author = {{Miyazaki}, Satoshi and {Oguri}, Masamune and {Hamana}, Takashi and
         {Shirasaki}, Masato and {Koike}, Michitaro and {Komiyama}, Yutaka and
         {Umetsu}, Keiichi and {Utsumi}, Yousuke and {Okabe}, Nobuhiro and
         {More}, Surhud and {Medezinski}, Elinor and {Lin}, Yen-Ting and
         {Miyatake}, Hironao and {Murayama}, Hitoshi and {Ota}, Naomi and
         {Mitsuishi}, Ikuyuki},
        title = "{A large sample of shear-selected clusters from the Hyper Suprime-Cam Subaru Strategic Program S16A Wide field mass maps}",
      journal = {\pasj},
     keywords = {dark matter, galaxies: clusters: general, gravitational lensing: weak, Astrophysics - Cosmology and Nongalactic Astrophysics},
         year = "2018",
        month = "Jan",
       volume = {70},
          eid = {S27},
        pages = {S27},
          doi = {10.1093/pasj/psx120},
archivePrefix = {arXiv},
       eprint = {1802.10290},
 primaryClass = {astro-ph.CO},
       adsurl = {https://ui.adsabs.harvard.edu/abs/2018PASJ...70S..27M},
      adsnote = {Provided by the SAO/NASA Astrophysics Data System}
}



@ARTICLE{massMap_KIDS450_prediction2018,
       author = {{Shan}, HuanYuan and {Liu}, Xiangkun and {Hildebrandt}, Hendrik and
         {Pan}, Chuzhong and {Martinet}, Nicolas and {Fan}, Zuhui and
         {Schneider}, Peter and {Asgari}, Marika and
         {Harnois-D{\'e}raps}, Joachim and {Hoekstra}, Henk and {Wright}, Angus and
         {Dietrich}, J{\"o}rg P. and {Erben}, Thomas and {Getman}, Fedor and
         {Grado}, Aniello and {Heymans}, Catherine and {Klaes}, Dominik and
         {Kuijken}, Konrad and {Merten}, Julian and {Puddu}, Emanuella and
         {Radovich}, Mario and {Wang}, Qiao},
        title = "{KiDS-450: cosmological constraints from weak lensing peak statistics - I. Inference from analytical prediction of high signal-to-noise ratio convergence peaks}",
      journal = {\mnras},
     keywords = {gravitational lensing: weak, dark matter, large-scale structure of Universe, Astrophysics - Cosmology and Nongalactic Astrophysics},
         year = "2018",
        month = "Feb",
       volume = {474},
       number = {1},
        pages = {1116-1134},
          doi = {10.1093/mnras/stx2837},
archivePrefix = {arXiv},
       eprint = {1709.07651},
 primaryClass = {astro-ph.CO},
       adsurl = {https://ui.adsabs.harvard.edu/abs/2018MNRAS.474.1116S},
      adsnote = {Provided by the SAO/NASA Astrophysics Data System}
}

@ARTICLE{massMap_KIDS450_inference2018,
       author = {{Martinet}, Nicolas and {Schneider}, Peter and {Hildebrandt}, Hendrik and
         {Shan}, HuanYuan and {Asgari}, Marika and {Dietrich}, J{\"o}rg P. and
         {Harnois-D{\'e}raps}, Joachim and {Erben}, Thomas and {Grado}, Aniello and
         {Heymans}, Catherine and {Hoekstra}, Henk and {Klaes}, Dominik and
         {Kuijken}, Konrad and {Merten}, Julian and {Nakajima}, Reiko},
        title = "{KiDS-450: cosmological constraints from weak-lensing peak statistics - II: Inference from shear peaks using N-body simulations}",
      journal = {\mnras},
     keywords = {gravitational lensing: weak, surveys, cosmological parameters, cosmology: observations, Astrophysics - Cosmology and Nongalactic Astrophysics},
         year = "2018",
        month = "Feb",
       volume = {474},
       number = {1},
        pages = {712-730},
          doi = {10.1093/mnras/stx2793},
archivePrefix = {arXiv},
       eprint = {1709.07678},
 primaryClass = {astro-ph.CO},
       adsurl = {https://ui.adsabs.harvard.edu/abs/2018MNRAS.474..712M},
      adsnote = {Provided by the SAO/NASA Astrophysics Data System}
}
