@ARTICLE{cosmicShear-DES1,
  title = {Dark Energy Survey Year 1 results: Cosmological constraints from cosmic shear},
  author = {Troxel, M. A. and MacCrann, N. and Zuntz, J. and Eifler, T. F. and Krause, E. and Dodelson, S. and Gruen, D. and Blazek, J. and Friedrich, O. and Samuroff, S. and Prat, J. and Secco, L. F. and Davis, C. and Fert\'e, A. and DeRose, J. and Alarcon, A. and Amara, A. and Baxter, E. and Becker, M. R. and Bernstein, G. M. and Bridle, S. L. and Cawthon, R. and Chang, C. and Choi, A. and De Vicente, J. and Drlica-Wagner, A. and Elvin-Poole, J. and Frieman, J. and Gatti, M. and Hartley, W. G. and Honscheid, K. and Hoyle, B. and Huff, E. M. and Huterer, D. and Jain, B. and Jarvis, M. and Kacprzak, T. and Kirk, D. and Kokron, N. and Krawiec, C. and Lahav, O. and Liddle, A. R. and Peacock, J. and Rau, M. M. and Refregier, A. and Rollins, R. P. and Rozo, E. and Rykoff, E. S. and S\'anchez, C. and Sevilla-Noarbe, I. and Sheldon, E. and Stebbins, A. and Varga, T. N. and Vielzeuf, P. and Wang, M. and Wechsler, R. H. and Yanny, B. and Abbott, T. M. C. and Abdalla, F. B. and Allam, S. and Annis, J. and Bechtol, K. and Benoit-L\'evy, A. and Bertin, E. and Brooks, D. and Buckley-Geer, E. and Burke, D. L. and Carnero Rosell, A. and Carrasco Kind, M. and Carretero, J. and Castander, F. J. and Crocce, M. and Cunha, C. E. and D'Andrea, C. B. and da Costa, L. N. and DePoy, D. L. and Desai, S. and Diehl, H. T. and Dietrich, J. P. and Doel, P. and Fernandez, E. and Flaugher, B. and Fosalba, P. and Garc\'{\i}a-Bellido, J. and Gaztanaga, E. and Gerdes, D. W. and Giannantonio, T. and Goldstein, D. A. and Gruendl, R. A. and Gschwend, J. and Gutierrez, G. and James, D. J. and Jeltema, T. and Johnson, M. W. G. and Johnson, M. D. and Kent, S. and Kuehn, K. and Kuhlmann, S. and Kuropatkin, N. and Li, T. S. and Lima, M. and Lin, H. and Maia, M. A. G. and March, M. and Marshall, J. L. and Martini, P. and Melchior, P. and Menanteau, F. and Miquel, R. and Mohr, J. J. and Neilsen, E. and Nichol, R. C. and Nord, B. and Petravick, D. and Plazas, A. A. and Romer, A. K. and Roodman, A. and Sako, M. and Sanchez, E. and Scarpine, V. and Schindler, R. and Schubnell, M. and Smith, M. and Smith, R. C. and Soares-Santos, M. and Sobreira, F. and Suchyta, E. and Swanson, M. E. C. and Tarle, G. and Thomas, D. and Tucker, D. L. and Vikram, V. and Walker, A. R. and Weller, J. and Zhang, Y.},
  collaboration = {Dark Energy Survey Collaboration},
  journal = {Phys. Rev. D},
  volume = {98},
  issue = {4},
  pages = {043528},
  numpages = {33},
  year = {2018},
  month = {Aug},
  publisher = {American Physical Society},
  doi = {10.1103/PhysRevD.98.043528},
  url = {https://link.aps.org/doi/10.1103/PhysRevD.98.043528}
}

@ARTICLE{cosmicShearRealKids450,
    author = {Morrison, C B and Klaes, D and van den Busch, J L and Schneider, P and Simon, P and Nakajima, R and Erben, T and Hildebrandt, H and Grado, A and Napolitano, N and Mead, A and Van Waerbeke, L and Radovich, M and Dvornik, A and Köhlinger, F and Hoekstra, H and de Jong, J T A and Kuijken, K and Herbonnet, R and Viola, M and Amon, A and Choi, A and Heymans, C and Peacock, J A and Harnois-Déraps, J and Blake, C and Joudaki, S and Joachimi, B and van Uitert, E and Merten, J and Miller, L and Valentijn, E A and Verdoes Kleijn, G and McFarland, J and Covone, G and Fenech Conti, I},
    title = "{KiDS-450: cosmological parameter constraints from tomographic weak gravitational lensing}",
    journal = {Monthly Notices of the Royal Astronomical Society},
    volume = {465},
    number = {2},
    pages = {1454-1498},
    year = {2016},
    month = {10},
    issn = {0035-8711},
    doi = {10.1093/mnras/stw2805},
    url = {https://doi.org/10.1093/mnras/stw2805},
    eprint = {http://oup.prod.sis.lan/mnras/article-pdf/465/2/1454/24243465/stw2805.pdf}
}

@ARTICLE{sdssPlanck2017,
    author = {Singh, Sukhdeep and Mandelbaum, Rachel and Brownstein, Joel R.},
    title = {Cross-correlating Planck CMB lensing with SDSS: lensing–lensing and galaxy–lensing cross-correlations},
    journal = {Monthly Notices of the Royal Astronomical Society},
    volume = {464},
    number = {2},
    pages = {2120-2138},
    year = {2017},
    doi = {10.1093/mnras/stw2482},
    URL = {http://dx.doi.org/10.1093/mnras/stw2482},
    eprint = {/oup/backfile/content_public/journal/mnras/464/2/10.1093_mnras_stw2482/4/stw2482.pdf}
}

@ARTICLE{cfhtPlanck2015,
  title = {Cross-correlation of Planck CMB lensing and CFHTLenS galaxy weak lensing maps},
  author = {Liu, Jia and Hill, J. Colin},
  journal = {Phys. Rev. D},
  volume = {92},
  issue = {6},
  pages = {063517},
  numpages = {12},
  year = {2015},
  month = {Sep},
  publisher = {American Physical Society},
  doi = {10.1103/PhysRevD.92.063517},
  url = {https://link.aps.org/doi/10.1103/PhysRevD.92.063517}
}


@ARTICLE{desSVPlanck,
author = {Kirk, D. and Omori, Y. and Benoit-Lévy, A. and Cawthon, R. and Chang, C. and Larsen, P. and Amara, A. and Bacon, D. and Crawford, T. M. and Dodelson, S. and Fosalba, P. and Giannantonio, T. and Holder, G. and Jain, B. and Kacprzak, T. and Lahav, O. and MacCrann, N. and Nicola, A. and Refregier, A. and Sheldon, E. and Story, K. T. and Troxel, M. A. and Vieira, J. D. and Vikram, V. and Zuntz, J. and Abbott, T. M. C. and Abdalla, F. B. and Becker, M. R. and Benson, B. A. and Bernstein, G. M. and Bernstein, R. A. and Bleem, L. E. and Bonnett, C. and Bridle, S. L. and Brooks, D. and Buckley-Geer, E. and Burke, D. L. and Capozzi, D. and Carlstrom, J. E. and Rosell, A. Carnero and Kind, M. Carrasco and Carretero, J. and Crocce, M. and Cunha, C. E. and D'Andrea, C. B. and da Costa, L. N. and Desai, S. and Diehl, H. T. and Dietrich, J. P. and Doel, P. and Eifler, T. F. and Evrard, A. E. and Flaugher, B. and Frieman, J. and Gerdes, D. W. and Goldstein, D. A. and Gruen, D. and Gruendl, R. A. and Honscheid, K. and James, D. J. and Jarvis, M. and Kent, S. and Kuehn, K. and Kuropatkin, N. and Lima, M. and March, M. and Martini, P. and Melchior, P. and Miller, C. J. and Miquel, R. and Nichol, R. C. and Ogando, R. and Plazas, A. A. and Reichardt, C. L. and Roodman, A. and Rozo, E. and Rykoff, E. S. and Sako, M. and Sanchez, E. and Scarpine, V. and Schubnell, M. and Sevilla-Noarbe, I. and Simard, G. and Smith, R. C. and Soares-Santos, M. and Sobreira, F. and Suchyta, E. and Swanson, M. E. C. and Tarle, G. and Thomas, D. and Wechsler, R. H. and Weller, J.},
title = {Cross-correlation of gravitational lensing from DES Science Verification data with SPT and Planck lensing},
journal = {Monthly Notices of the Royal Astronomical Society},
volume = {459},
number = {1},
pages = {21-34},
year = {2016},
doi = {10.1093/mnras/stw570},
URL = {http://dx.doi.org/10.1093/mnras/stw570},
eprint = {/oup/backfile/content_public/journal/mnras/459/1/10.1093_mnras_stw570/2/stw570.pdf}
}


@ARTICLE{kidsPlanck,
    author = {Harnois-Déraps, Joachim and Tröster, Tilman and Chisari, Nora Elisa and Heymans, Catherine and van Waerbeke, Ludovic and Asgari, Marika and Bilicki, Maciej and Choi, Ami and Erben, Thomas and Hildebrandt, Hendrik and Hoekstra, Henk and Joudaki, Shahab and Kuijken, Konrad and Merten, Julian and Miller, Lance and Robertson, Naomi and Schneider, Peter and Viola, Massimo},
    title = {KiDS-450: tomographic cross-correlation of galaxy shear with Planck lensing},
    journal = {Monthly Notices of the Royal Astronomical Society},
    volume = {471},
    number = {2},
    pages = {1619-1633},
    year = {2017},
    doi = {10.1093/mnras/stx1675},
    URL = {http://dx.doi.org/10.1093/mnras/stx1675},
    eprint = {/oup/backfile/content_public/journal/mnras/471/2/10.1093_mnras_stx1675/1/stx1675.pdf}
}

@ARTICLE{cosmicShear_HSC1_Fourier2019,
       author = {{Hikage}, Chiaki and {Oguri}, Masamune and {Hamana}, Takashi and
         {More}, Surhud and {Mandelbaum}, Rachel and {Takada}, Masahiro and
         {K{\"o}hlinger}, Fabian and {Miyatake}, Hironao and
         {Nishizawa}, Atsushi J. and {Aihara}, Hiroaki and {Armstrong}, Robert and
         {Bosch}, James and {Coupon}, Jean and {Ducout}, Anne and {Ho}, Paul and
         {Hsieh}, Bau-Ching and {Komiyama}, Yutaka and
         {Lanusse}, Fran{\c{c}}ois and {Leauthaud}, Alexie and
         {Lupton}, Robert H. and {Medezinski}, Elinor and {Mineo}, Sogo and
         {Miyama}, Shoken and {Miyazaki}, Satoshi and {Murata}, Ryoma and
         {Murayama}, Hitoshi and {Shirasaki}, Masato and
         {Sif{\'o}n}, Crist{\'o}bal and {Simet}, Melanie and {Speagle}, Joshua and
         {Spergel}, David N. and {Strauss}, Michael A. and {Sugiyama}, Naoshi and
         {Tanaka}, Masayuki and {Utsumi}, Yousuke and {Wang}, Shiang-Yu and
         {Yamada}, Yoshihiko},
        title = "{Cosmology from cosmic shear power spectra with Subaru Hyper Suprime-Cam first-year data}",
      journal = {\pasj},
     keywords = {dark matter, gravitational lensing: weak, large-scale structure of universe, Astrophysics - Cosmology and Nongalactic Astrophysics},
         year = "2019",
        month = "Apr",
       volume = {71},
       number = {2},
          eid = {43},
        pages = {43},
          doi = {10.1093/pasj/psz010},
archivePrefix = {arXiv},
       eprint = {1809.09148},
 primaryClass = {astro-ph.CO},
       adsurl = {https://ui.adsabs.harvard.edu/abs/2019PASJ...71...43H},
      adsnote = {Provided by the SAO/NASA Astrophysics Data System}
}

@ARTICLE{cosmicShear_HSC1_configuration2019,
       author = {{Hamana}, T. and {Shirasaki}, M. and {Miyazaki}, S. and {Hikage}, C. and
         {Oguri}, M. and {More}, S. and {Armstrong}, R. and {Leauthaud}, A. and
         {Mandelbaum}, R. and {Miyatake}, H. and {Nishizawa}, A.~J. and
         {Simet}, M. and {Takada}, M. and {Aihara}, H. and {Bosch}, J. and
         {Komiyama}, Y. and {Lupton}, R. and {Murayama}, H. and
         {Strauss}, M.~A. and {Tanaka}, M.},
        title = "{Cosmological constraints from cosmic shear two-point correlation functions with HSC survey first-year data}",
      journal = {arXiv e-prints},
     keywords = {Astrophysics - Cosmology and Nongalactic Astrophysics},
         year = "2019",
        month = "Jun",
          eid = {arXiv:1906.06041},
        pages = {arXiv:1906.06041},
archivePrefix = {arXiv},
       eprint = {1906.06041},
 primaryClass = {astro-ph.CO},
       adsurl = {https://ui.adsabs.harvard.edu/abs/2019arXiv190606041H},
      adsnote = {Provided by the SAO/NASA Astrophysics Data System}
}
