%========================================
%Historical Review
%========================================

@book{bookdodelson2017,
  title={Gravitational Lensing},
  author={Dodelson, S.},
  isbn={9781107129764},
  url={https://books.google.co.jp/books?id=WE3ODgAAQBAJ},
  year={2017},
  publisher={Cambridge University Press}
}

@article{revBartelmann01,
title = "Weak gravitational lensing",
journal = "Physics Reports",
volume = "340",
number = "4",
pages = "291 - 472",
year = "2001",
issn = "0370-1573",
doi = "https://doi.org/10.1016/S0370-1573(00)00082-X",
url = "http://www.sciencedirect.com/science/article/pii/S037015730000082X",
author = "Matthias Bartelmann and Peter Schneider"
}



@ARTICLE{revKilbinger15,
   author = {{Kilbinger}, M.},
    title = "{Cosmology with cosmic shear observations: a review}",
  journal = {Reports on Progress in Physics},
archivePrefix = "arXiv",
   eprint = {1411.0115},
     year = 2015,
    month = jul,
   volume = 78,
   number = 8,
      eid = {086901},
    pages = {086901},
      doi = {10.1088/0034-4885/78/8/086901},
   adsurl = {http://adsabs.harvard.edu/abs/2015RPPh...78h6901K},
  adsnote = {Provided by the SAO/NASA Astrophysics Data System}
}


@ARTICLE{revRachel17,
       author = {{Mandelbaum}, Rachel},
        title = "{Weak Lensing for Precision Cosmology}",
      journal = {\araa},
     keywords = {Astrophysics - Cosmology and Nongalactic Astrophysics},
         year = "2018",
        month = "Sep",
       volume = {56},
        pages = {393-433},
          doi = {10.1146/annurev-astro-081817-051928},
archivePrefix = {arXiv},
       eprint = {1710.03235},
 primaryClass = {astro-ph.CO},
       adsurl = {https://ui.adsabs.harvard.edu/abs/2018ARA&A..56..393M},
      adsnote = {Provided by the SAO/NASA Astrophysics Data System}
}

@ARTICLE{Eddington1919,
   author = {{Dyson}, F.~W. and {Eddington}, A.~S. and {Davidson}, C.},
    title = "{A Determination of the Deflection of Light by the Sun's Gravitational Field, from Observations Made at the Total Eclipse of May 29, 1919}",
  journal = {Philosophical Transactions of the Royal Society of London Series A},
     year = 1920,
   volume = 220,
    pages = {291-333},
      doi = {10.1098/rsta.1920.0009},
   adsurl = {http://adsabs.harvard.edu/abs/1920RSPTA.220..291D},
  adsnote = {Provided by the SAO/NASA Astrophysics Data System}
}


@article{Lebach1995,
  title = {Measurement of the Solar Gravitational Deflection of Radio Waves Using Very-Long-Baseline Interferometry},
  author = {Lebach, D. E. and Corey, B. E. and Shapiro, I. I. and Ratner, M. I. and Webber, J. C. and Rogers, A. E. E. and Davis, J. L. and Herring, T. A.},
  journal = {Phys. Rev. Lett.},
  volume = {75},
  issue = {8},
  pages = {1439--1442},
  numpages = {0},
  year = {1995},
  month = {Aug},
  publisher = {American Physical Society},
  doi = {10.1103/PhysRevLett.75.1439},
  url = {https://link.aps.org/doi/10.1103/PhysRevLett.75.1439}
}


@ARTICLE{Walsh1979,
   author = {{Walsh}, D. and {Carswell}, R.~F. and {Weymann}, R.~J.},
    title = "{0957 + 561 A, B - Twin quasistellar objects or gravitational lens}",
  journal = {\nat},
 keywords = {Emission Spectra, Gravitational Lenses, Quasars, Stellar Spectra, Absorption Spectra, Radio Spectroscopy, Spectrum Analysis},
     year = 1979,
    month = may,
   volume = 279,
    pages = {381-384},
      doi = {10.1038/279381a0},
   adsurl = {http://adsabs.harvard.edu/abs/1979Natur.279..381W},
  adsnote = {Provided by the SAO/NASA Astrophysics Data System}
}



%===================================================================
%Theory for cosmic shear
%===================================================================

@ARTICLE{Miralda1991,
   author = {{Miralda-Escude}, J.},
    title = "{The correlation function of galaxy ellipticities produced by gravitational lensing}",
  journal = {\apj},
 keywords = {Dark Matter, Elliptical Galaxies, Galactic Clusters, Gravitational Lenses, Space Density, Galactic Mass, Quasars, Statistical Correlation, Universe},
     year = 1991,
    month = oct,
   volume = 380,
    pages = {1-8},
      doi = {10.1086/170555},
   adsurl = {http://adsabs.harvard.edu/abs/1991ApJ...380....1M},
  adsnote = {Provided by the SAO/NASA Astrophysics Data System}
}

%===================================================================
%Measurement of cosmic shear
%===================================================================

@ARTICLE{Wittman2000,
   author = {{Wittman}, D.~M. and {Tyson}, J.~A. and {Kirkman}, D. and {Dell'Antonio}, I. and 
	{Bernstein}, G.},
    title = "{Detection of weak gravitational lensing distortions of distant galaxies by cosmic dark matter at large scales}",
  journal = {\nat},
   eprint = {astro-ph/0003014},
     year = 2000,
    month = may,
   volume = 405,
    pages = {143-148},
      doi = {10.1038/35012001},
   adsurl = {http://adsabs.harvard.edu/abs/2000Natur.405..143W},
  adsnote = {Provided by the SAO/NASA Astrophysics Data System}
}


%===================================================================
%G-G/C-G lensing
%===================================================================

@ARTICLE{Tyson1990,
   author = {{Tyson}, J.~A. and {Valdes}, F. and {Wenk}, R.~A.},
    title = "{Detection of systematic gravitational lens galaxy image alignments - Mapping dark matter in galaxy clusters}",
  journal = {\apjl},
 keywords = {Dark Matter, Galactic Clusters, Gravitational Lenses, Brightness Distribution, Charge Coupled Devices, Faint Objects, Red Shift, Spatial Distribution},
     year = 1990,
    month = jan,
   volume = 349,
    pages = {L1-L4},
      doi = {10.1086/185636},
   adsurl = {http://adsabs.harvard.edu/abs/1990ApJ...349L...1T},
  adsnote = {Provided by the SAO/NASA Astrophysics Data System}
}


@ARTICLE{Kaiser1993,
   author = {{Kaiser}, N. and {Squires}, G.},
    title = "{Mapping the dark matter with weak gravitational lensing}",
  journal = {\apj},
 keywords = {Cosmology, Dark Matter, Galactic Clusters, Gravitational Lenses, Ellipticity, Galactic Mass, Mass Distribution},
     year = 1993,
    month = feb,
   volume = 404,
    pages = {441-450},
      doi = {10.1086/172297},
   adsurl = {http://adsabs.harvard.edu/abs/1993ApJ...404..441K},
  adsnote = {Provided by the SAO/NASA Astrophysics Data System}
}




%=======================================
%Method
%=======================================


@ARTICLE{shapeletsI,
   author = {{Refregier}, A.},
    title = "{Shapelets - I. A method for image analysis}",
  journal = {\mnras},
   eprint = {astro-ph/0105178},
 keywords = {gravitational lensing, methods: analytical, methods: data analysis, techniques: image processing, surveys},
     year = 2003,
    month = jan,
   volume = 338,
    pages = {35-47},
      doi = {10.1046/j.1365-8711.2003.05901.x},
   adsurl = {http://adsabs.harvard.edu/abs/2003MNRAS.338...35R},
  adsnote = {Provided by the SAO/NASA Astrophysics Data System}
}



@ARTICLE{shapeletsII,
   author = {{Refregier}, A. and {Bacon}, D.},
    title = "{Shapelets - II. A method for weak lensing measurements}",
  journal = {\mnras},
   eprint = {astro-ph/0105179},
 keywords = {gravitational lensing, methods: data analysis, techniques: image processing, cosmology: observations, dark matter, large-scale structure of Universe},
     year = 2003,
    month = jan,
   volume = 338,
    pages = {48-56},
      doi = {10.1046/j.1365-8711.2003.05902.x},
   adsurl = {http://adsabs.harvard.edu/abs/2003MNRAS.338...48R},
  adsnote = {Provided by the SAO/NASA Astrophysics Data System}
}


@ARTICLE{polar_shapelets,
   author = {{Massey}, R. and {Refregier}, A.},
    title = "{Polar shapelets}",
  journal = {\mnras},
   eprint = {astro-ph/0408445},
 keywords = {methods: analytical, methods: data analysis, techniques: image processing, galaxies: fundamental parameters},
     year = 2005,
    month = oct,
   volume = 363,
    pages = {197-210},
      doi = {10.1111/j.1365-2966.2005.09453.x},
   adsurl = {http://adsabs.harvard.edu/abs/2005MNRAS.363..197M},
  adsnote = {Provided by the SAO/NASA Astrophysics Data System}
}


@ARTICLE{Regaussianization,
   author = {{Hirata}, C. and {Seljak}, U.},
    title = "{Shear calibration biases in weak-lensing surveys}",
  journal = {\mnras},
   eprint = {astro-ph/0301054},
 keywords = {gravitational lensing, methods: data analysis},
     year = 2003,
    month = aug,
   volume = 343,
    pages = {459-480},
      doi = {10.1046/j.1365-8711.2003.06683.x},
   adsurl = {http://adsabs.harvard.edu/abs/2003MNRAS.343..459H},
  adsnote = {Provided by the SAO/NASA Astrophysics Data System}
}

@article{Z08,
author = {Zhang, Jun},
title = {Measuring the cosmic shear in Fourier space},
journal = {\mnras},
volume = {383},
number = {1},
pages = {113},
year = {2008},
doi = {10.1111/j.1365-2966.2007.12585.x},
URL = { + http://dx.doi.org/10.1111/j.1365-2966.2007.12585.x},
eprint = {/oup/backfile/Content_public/Journal/mnras/383/1/10.1111/j.1365-2966.2007.12585.x/2/mnras0383-0113.pdf}
}


@ARTICLE{Z11,
   author = {{Zhang}, J. and {Komatsu}, E.},
    title = "{Cosmic shears should not be measured in conventional ways}",
  journal = {\mnras},
archivePrefix = "arXiv",
   eprint = {1002.3615},
 keywords = {gravitational lensing: weak, methods: data analysis, techniques: image processing, large-scale structure of Universe},
     year = 2011,
    month = jun,
   volume = 414,
    pages = {1047-1058},
      doi = {10.1111/j.1365-2966.2011.18436.x},
   adsurl = {http://adsabs.harvard.edu/abs/2011MNRAS.414.1047Z},
  adsnote = {Provided by the SAO/NASA Astrophysics Data System}
}



@ARTICLE{Z15,
   author = {{Zhang}, J. and {Luo}, W. and {Foucaud}, S.},
    title = "{Accurate shear measurement with faint sources}",
  journal = {\jcap},
archivePrefix = "arXiv",
   eprint = {1312.5514},
     year = 2015,
    month = jan,
   volume = 1,
      eid = {024},
    pages = {24},
      doi = {10.1088/1475-7516/2015/01/024},
   adsurl = {http://adsabs.harvard.edu/abs/2015JCAP...01..024Z},
  adsnote = {Provided by the SAO/NASA Astrophysics Data System}
}


@ARTICLE{Z17,
   author = {{Zhang}, J. and {Zhang}, P. and {Luo}, W.},
    title = "{Approaching the Cram{\'e}r-Rao Bound in Weak Lensing with PDF Symmetrization}",
  journal = {\apj},
archivePrefix = "arXiv",
   eprint = {1606.09397},
 keywords = {gravitational lensing: weak, large-scale structure of universe, methods: data analysis, techniques: image processing},
     year = 2017,
    month = jan,
   volume = 834,
      eid = {8},
    pages = {8},
      doi = {10.3847/1538-4357/834/1/8},
   adsurl = {http://adsabs.harvard.edu/abs/2017ApJ...834....8Z},
  adsnote = {Provided by the SAO/NASA Astrophysics Data System}
}


@ARTICLE{LuPSF17,
   author = {{Lu}, T. and {Zhang}, J. and {Dong}, F. and {Li}, Y. and {Liu}, D. and 
	{Fu}, L. and {Li}, G. and {Fan}, Z.},
    title = "{Testing PSF Interpolation in Weak Lensing with Real Data}",
  journal = {\aj},
archivePrefix = "arXiv",
   eprint = {1610.09828},
 keywords = {gravitational lensing: weak, large-scale structure of universe, methods: data analysis, techniques: image processing},
     year = 2017,
    month = apr,
   volume = 153,
      eid = {197},
    pages = {197},
      doi = {10.3847/1538-3881/aa661e},
   adsurl = {http://adsabs.harvard.edu/abs/2017AJ....153..197L},
  adsnote = {Provided by the SAO/NASA Astrophysics Data System}
}
@ARTICLE{Li17Auto,
   author = {{Li}, X. and {Zhang}, J.},
    title = "{Cosmic Shear Measurement Using Auto-convolved Images}",
  journal = {\apj},
archivePrefix = "arXiv",
   eprint = {1607.07545},
 keywords = {large-scale structure of universe, methods: data analysis, techniques: image processing },
     year = 2016,
    month = oct,
   volume = 830,
      eid = {116},
    pages = {116},
      doi = {10.3847/0004-637X/830/2/116},
   adsurl = {http://adsabs.harvard.edu/abs/2016ApJ...830..116L},
  adsnote = {Provided by the SAO/NASA Astrophysics Data System}
}

@article{Li18FPFS,
    author = {Li, Xiangchong and Oguri, Masamune and Katayama, Nobuhiko and More, Surhud},
    title = "{Fourier Power Function Shapelets (FPFS) shear estimator: performance on image simulations}",
    journal = {Monthly Notices of the Royal Astronomical Society},
    volume = {481},
    number = {4},
    pages = {4445-4460},
    year = {2018},
    month = {10},
    abstract = "{We reinterpret the shear estimator developed by Zhang \\&amp; Komatsu within the framework of shapelets and propose the Fourier Power Function Shapelets (FPFS) shear estimator. Four shapelet modes are calculated from the power function of every galaxy’s Fourier transform after deconvolving the point-spread function (PSF) in Fourier space. We propose a novel normalization scheme to construct dimensionless ellipticity and its corresponding shear responsivity using these shapelet modes. Shear is measured in a conventional way by averaging the ellipticities and responsivities over a large ensemble of galaxies. With the introduction and tuning of a weighting parameter, noise bias is reduced below one per cent of the shear signal. We also provide an iterative method to reduce selection bias. The FPFS estimator is developed without any assumptions regarding galaxy morphology or any approximations for PSF correction. Moreover, our method does not rely on heavy image manipulations or complicated statistical procedures. We test the FPFS shear estimator using several Subaru Hyper Suprime-Cam (HSC)-like image simulations and the main results are as follows. (i) For simulations that only contain isolated galaxies, the amplitude of the multiplicative bias is below 1 × 10−2. (ii) For more realistic simulations, which also contain blended galaxies, the blended galaxies are deblended by the first-generation HSC deblender before shear measurement. A multiplicative bias of (−5.71 ± 0.31) × 10−2 is found. The blending bias is calibrated by image simulations. Finally, we test the consistency and stability of this calibration.}",
    issn = {0035-8711},
    doi = {10.1093/mnras/sty2548},
    url = {https://dx.doi.org/10.1093/mnras/sty2548},
    eprint = {http://oup.prod.sis.lan/mnras/article-pdf/481/4/4445/25906517/sty2548.pdf},
}


@article{ann_calibration,
  author={D. Gruen and S. Seitz and J. Koppenhoefer and A. Riffeser},
  title={Bias-free Shear Estimation Using Artificial Neural Networks},
  journal={\apj},
  volume={720},
  number={1},
  pages={639},
  URL={http://stacks.iop.org/0004-637X/720/i=1/a=639},
  year={2010},
  abstract={Bias due to imperfect shear calibration is the biggest obstacle when constraints on cosmological parameters are to be extracted from large area weak lensing surveys such as Pan-STARRS-3π, DES, or future satellite missions like EUCLID. We demonstrate that bias present in existing shear measurement pipelines (e.g., KSB) can be almost entirely removed by means of neural networks. In this way, bias correction can depend on the properties of the individual galaxy instead of being a single global value. We present a procedure to train neural networks for shear estimation and apply this to subsets of simulated GREAT08 RealNoise data. We also show that circularization of the point-spread function (PSF) before measuring the shear reduces the scatter related to the PSF anisotropy correction and thus leads to improved measurements, particularly on low and medium signal-to-noise data. Our results are competitive with the best performers in the GREAT08 competition, especially for the medium and higher signal-to-noise sets. Expressed in terms of the quality parameter defined by GREAT08, we achieve a Q ##IMG## [http://ej.iop.org/icons/Entities/ap.gif] {≈} 40, 140, and 1300 without and 50, 200, and 1300 with circularization for low, medium, and high signal-to-noise data sets, respectively.}
}


@ARTICLE{metacal1,
   author = {{Huff}, E. and {Mandelbaum}, R.},
    title = "{Metacalibration: Direct Self-Calibration of Biases in Shear Measurement}",
  journal = {ArXiv e-prints},
archivePrefix = "arXiv",
   eprint = {1702.02600},
 keywords = {Astrophysics - Cosmology and Nongalactic Astrophysics},
     year = 2017,
    month = feb,
   adsurl = {http://adsabs.harvard.edu/abs/2017arXiv170202600H},
  adsnote = {Provided by the SAO/NASA Astrophysics Data System}
}


@ARTICLE{metacal2,
   author = {{Sheldon}, E.~S. and {Huff}, E.~M.},
    title = "{Practical Weak-lensing Shear Measurement with Metacalibration}",
  journal = {\apj},
archivePrefix = "arXiv",
   eprint = {1702.02601},
 keywords = {cosmology: observations, gravitational lensing: weak, methods: observational},
     year = 2017,
    month = may,
   volume = 841,
      eid = {24},
    pages = {24},
      doi = {10.3847/1538-4357/aa704b},
   adsurl = {http://adsabs.harvard.edu/abs/2017ApJ...841...24S},
  adsnote = {Provided by the SAO/NASA Astrophysics Data System}
}



@ARTICLE{KSB95,
   author = {{Kaiser}, N. and {Squires}, G. and {Broadhurst}, T.},
    title = "{A Method for Weak Lensing Observations}",
  journal = {\apj},
   eprint = {astro-ph/9411005},
 keywords = {COSMOLOGY: OBSERVATIONS, COSMOLOGY: DARK MATTER, GALAXIES: FORMATION, COSMOLOGY: GRAVITATIONAL LENSING, COSMOLOGY: LARGE-SCALE STRUCTURE OF UNIVERSE},
     year = 1995,
    month = aug,
   volume = 449,
    pages = {460},
      doi = {10.1086/176071},
   adsurl = {http://adsabs.harvard.edu/abs/1995ApJ...449..460K},
  adsnote = {Provided by the SAO/NASA Astrophysics Data System}
}


@ARTICLE{GB02,
   author = {{Bernstein}, G.~M. and {Jarvis}, M.},
    title = "{Shapes and Shears, Stars and Smears: Optimal Measurements for Weak Lensing}",
  journal = {\aj},
   eprint = {astro-ph/0107431},
 keywords = {Cosmology: Gravitational Lensing, Methods: Data Analysis, Techniques: Image Processing},
     year = 2002,
    month = feb,
   volume = 123,
    pages = {583-618},
      doi = {10.1086/338085},
   adsurl = {http://adsabs.harvard.edu/abs/2002AJ....123..583B},
  adsnote = {Provided by the SAO/NASA Astrophysics Data System}
}




@ARTICLE{LENSFIT1,
   author = {{Miller}, L. and {Kitching}, T.~D. and {Heymans}, C. and {Heavens}, A.~F. and 
	{van Waerbeke}, L.},
    title = "{Bayesian galaxy shape measurement for weak lensing surveys - I. Methodology and a fast-fitting algorithm}",
  journal = {\mnras},
archivePrefix = "arXiv",
   eprint = {0708.2340},
 keywords = {gravitational lensing, methods: data analysis, methods: statistical, techniques: miscellaneous},
     year = 2007,
    month = nov,
   volume = 382,
    pages = {315-324},
      doi = {10.1111/j.1365-2966.2007.12363.x},
   adsurl = {http://adsabs.harvard.edu/abs/2007MNRAS.382..315M},
  adsnote = {Provided by the SAO/NASA Astrophysics Data System}
}



@ARTICLE{im3Shape,
   author = {{Zuntz}, J. and {Kacprzak}, T. and {Voigt}, L. and {Hirsch}, M. and 
	{Rowe}, B. and {Bridle}, S.},
    title = "{IM3SHAPE: a maximum likelihood galaxy shear measurement code for cosmic gravitational lensing}",
  journal = {\mnras},
archivePrefix = "arXiv",
   eprint = {1302.0183},
 keywords = {gravitational lensing: weak, methods: data analysis, methods: statistical, techniques: image processing, cosmology: observations, dark energy},
     year = 2013,
    month = sep,
   volume = 434,
    pages = {1604-1618},
      doi = {10.1093/mnras/stt1125},
   adsurl = {http://adsabs.harvard.edu/abs/2013MNRAS.434.1604Z},
  adsnote = {Provided by the SAO/NASA Astrophysics Data System}
}





@ARTICLE{BFD14,
   author = {{Bernstein}, G.~M. and {Armstrong}, R.},
    title = "{Bayesian lensing shear measurement}",
  journal = {\mnras},
archivePrefix = "arXiv",
   eprint = {1304.1843},
 keywords = {gravitational lensing: weak, methods: data analysis},
     year = 2014,
    month = feb,
   volume = 438,
    pages = {1880-1893},
      doi = {10.1093/mnras/stt2326},
   adsurl = {http://adsabs.harvard.edu/abs/2014MNRAS.438.1880B},
  adsnote = {Provided by the SAO/NASA Astrophysics Data System}
}

@ARTICLE{BFD16,
   author = {{Bernstein}, G.~M. and {Armstrong}, R. and {Krawiec}, C. and 
	{March}, M.~C.},
    title = "{An accurate and practical method for inference of weak gravitational lensing from galaxy images}",
  journal = {\mnras},
archivePrefix = "arXiv",
   eprint = {1508.05655},
 primaryClass = "astro-ph.IM",
 keywords = {gravitational lensing: weak, methods: data analysis},
     year = 2016,
    month = jul,
   volume = 459,
    pages = {4467-4484},
      doi = {10.1093/mnras/stw879},
   adsurl = {http://adsabs.harvard.edu/abs/2016MNRAS.459.4467B},
  adsnote = {Provided by the SAO/NASA Astrophysics Data System}
}




@ARTICLE{morphologyBiasGB10,
   author = {{Bernstein}, G.~M.},
    title = "{Shape measurement biases from underfitting and ellipticity gradients}",
  journal = {\mnras},
archivePrefix = "arXiv",
   eprint = {1001.2333},
 primaryClass = "astro-ph.IM",
 keywords = {gravitational lensing: weak, techniques: image processing, methods: data analysis},
     year = 2010,
    month = aug,
   volume = 406,
    pages = {2793-2804},
      doi = {10.1111/j.1365-2966.2010.16883.x},
   adsurl = {http://adsabs.harvard.edu/abs/2010MNRAS.406.2793B},
  adsnote = {Provided by the SAO/NASA Astrophysics Data System}
}


@ARTICLE{noiseBiasRefregier2012,
   author = {{Refregier}, A. and {Kacprzak}, T. and {Amara}, A. and {Bridle}, S. and 
	{Rowe}, B.},
    title = "{Noise bias in weak lensing shape measurements}",
  journal = {\mnras},
archivePrefix = "arXiv",
   eprint = {1203.5050},
 keywords = {gravitational lensing: weak, methods: statistical, techniques: image processing, cosmology: observations, dark energy, dark matter },
     year = 2012,
    month = sep,
   volume = 425,
    pages = {1951-1957},
      doi = {10.1111/j.1365-2966.2012.21483.x},
   adsurl = {http://adsabs.harvard.edu/abs/2012MNRAS.425.1951R},
  adsnote = {Provided by the SAO/NASA Astrophysics Data System}
}



@ARTICLE{noiseBiasOkura2018,
   author = {{Okura}, Y. and {Futamase}, T.},
    title = "{Analytical Noise Bias Correction for Weak Lensing Shear Analysis with ERA}",
  journal = {ArXiv e-prints},
archivePrefix = "arXiv",
   eprint = {1802.02448},
 keywords = {Astrophysics - Cosmology and Nongalactic Astrophysics},
     year = 2018,
    month = feb,
   adsurl = {http://adsabs.harvard.edu/abs/2018arXiv180202448O},
  adsnote = {Provided by the SAO/NASA Astrophysics Data System}
}


@ARTICLE{MagZhang05,
   author = {{Zhang}, P. and {Pen}, U.-L.},
    title = "{Mapping Dark Matter with Cosmic Magnification}",
  journal = {Physical Review Letters},
   eprint = {astro-ph/0506740},
 keywords = {Gravitational lenses and luminous arcs, Dark matter, Observational cosmology},
     year = 2005,
    month = dec,
   volume = 95,
   number = 24,
      eid = {241302},
    pages = {241302},
      doi = {10.1103/PhysRevLett.95.241302},
   adsurl = {http://adsabs.harvard.edu/abs/2005PhRvL..95x1302Z},
  adsnote = {Provided by the SAO/NASA Astrophysics Data System}
}

@ARTICLE{Ciotti2000,
   author = {{Ciotti}, L. and {Bertin}, G.},
    title = "{Analytical Properties of the R$^{1/m Law}$}",
 keywords = {GALAXIES: ELLIPTICAL AND LENTICULARS, KINEMATICS AND DYNAMICS, PHOTOMETRY},
booktitle = {Dynamics of Galaxies: from the Early Universe to the Present},
     year = 2000,
   series = {Astronomical Society of the Pacific Conference Series},
   volume = 197,
   eprint = {astro-ph/9908306},
   editor = {{Combes}, F. and {Mamon}, G.~A. and {Charmandaris}, V.},
    pages = {247},
   adsurl = {http://adsabs.harvard.edu/abs/2000ASPC..197..247C},
  adsnote = {Provided by the SAO/NASA Astrophysics Data System}
}


@ARTICLE{Dietrich2010,
   author = {{Dietrich}, J.~P. and {Hartlap}, J.},
    title = "{Cosmology with the shear-peak statistics}",
  journal = {\mnras},
archivePrefix = "arXiv",
   eprint = {0906.3512},
 keywords = {gravitational lensing, cosmological parameters, large-scale structure of Universe},
     year = 2010,
    month = feb,
   volume = 402,
    pages = {1049-1058},
      doi = {10.1111/j.1365-2966.2009.15948.x},
   adsurl = {http://adsabs.harvard.edu/abs/2010MNRAS.402.1049D},
  adsnote = {Provided by the SAO/NASA Astrophysics Data System}
}


@ARTICLE{Sersic1963,
   author = {{S{\'e}rsic}, J.~L.},
    title = "{Influence of the atmospheric and instrumental dispersion on the brightness distribution in a galaxy}",
  journal = {Boletin de la Asociacion Argentina de Astronomia La Plata Argentina},
     year = 1963,
   volume = 6,
    pages = {41},
   adsurl = {http://adsabs.harvard.edu/abs/1963BAAA....6...41S},
  adsnote = {Provided by the SAO/NASA Astrophysics Data System}
}

@ARTICLE{Moffat1969,
   author = {{Moffat}, A.~F.~J.},
    title = "{A Theoretical Investigation of Focal Stellar Images in the Photographic Emulsion and Application to Photographic Photometry}",
  journal = {\aap},
     year = 1969,
    month = dec,
   volume = 3,
    pages = {455},
   adsurl = {http://adsabs.harvard.edu/abs/1969A%26A.....3..455M},
  adsnote = {Provided by the SAO/NASA Astrophysics Data System}
}




@ARTICLE{GalSim,
   author = {{Rowe}, B.~T.~P. and {Jarvis}, M. and {Mandelbaum}, R. and {Bernstein}, G.~M. and 
	{Bosch}, J. and {Simet}, M. and {Meyers}, J.~E. and {Kacprzak}, T. and 
	{Nakajima}, R. and {Zuntz}, J. and {Miyatake}, H. and {Dietrich}, J.~P. and 
	{Armstrong}, R. and {Melchior}, P. and {Gill}, M.~S.~S.},
    title = "{GALSIM: The modular galaxy image simulation toolkit}",
  journal = {Astronomy and Computing},
archivePrefix = "arXiv",
   eprint = {1407.7676},
 primaryClass = "astro-ph.IM",
 keywords = {Methods: data analysis, Techniques: image processing, Gravitational lensing, Cosmology: observations},
     year = 2015,
    month = apr,
   volume = 10,
    pages = {121-150},
      doi = {10.1016/j.ascom.2015.02.002},
   adsurl = {http://adsabs.harvard.edu/abs/2015A%26C....10..121R},
  adsnote = {Provided by the SAO/NASA Astrophysics Data System}
}



@ARTICLE{GREAT08,
   author = {{Bridle}, S. and {Shawe-Taylor}, J. and {Amara}, A. and {Applegate}, D. and 
	{Balan}, Berge and {Bernstein}, G. and {Dahle}, H. and 
	{Erben}, T. and {Gill}, M. and {Heavens}, A. and {Heymans}, C. and 
	{High}, F.~W. and {Hoekstra}, H. and {Jarvis}, M. and {Kirk}, D. and 
	{Kitching}, T. and {Kneib}, J.-P. and {Kuijken}, K. and {Lagatutta}, D. and 
	{Mandelbaum}, R. and {Massey}, R. and {Mellier}, Y. and {Moghaddam}, B. and 
	{Moudden}, Y. and {Nakajima}, R. and {Paulin-Henriksson}, S. and 
	{Pires}, S. and {Rassat}, A. and {Refregier}, A. and {Rhodes}, J. and 
	{Schrabback}, T. and {Semboloni}, E. and {Shmakova}, M. and 
	{van Waerbeke}, L. and {Witherick}, D. and {Voigt}, L. and {Wittman}, D.},
    title = "{Handbook for the GREAT08 Challenge: An image analysis competition for cosmological lensing}",
  journal = {Annals of Applied Statistics},
archivePrefix = "arXiv",
   eprint = {0802.1214},
 keywords = {Inference, inverse problems, astronomy},
     year = 2009,
   volume = 3,
    pages = {6-37},
      doi = {10.1214/08-AOAS222},
   adsurl = {http://adsabs.harvard.edu/abs/2009AnApS...3....6B},
  adsnote = {Provided by the SAO/NASA Astrophysics Data System}
}



@ARTICLE{GREAT3,
   author = {{Mandelbaum}, R. and {Rowe}, B. and {Bosch}, J. and {Chang}, C. and 
	{Courbin}, F. and {Gill}, M. and {Jarvis}, M. and {Kannawadi}, A. and 
	{Kacprzak}, T. and {Lackner}, C. and {Leauthaud}, A. and {Miyatake}, H. and 
	{Nakajima}, R. and {Rhodes}, J. and {Simet}, M. and {Zuntz}, J. and 
	{Armstrong}, B. and {Bridle}, S. and {Coupon}, J. and {Dietrich}, J.~P. and 
	{Gentile}, M. and {Heymans}, C. and {Jurling}, A.~S. and {Kent}, S.~M. and 
	{Kirkby}, D. and {Margala}, D. and {Massey}, R. and {Melchior}, P. and 
	{Peterson}, J. and {Roodman}, A. and {Schrabback}, T.},
    title = "{The Third Gravitational Lensing Accuracy Testing (GREAT3) Challenge Handbook}",
  journal = {\apjs},
archivePrefix = "arXiv",
   eprint = {1308.4982},
 keywords = {gravitational lensing: weak, methods: data analysis, methods: statistical, techniques: image processing},
     year = 2014,
    month = may,
   volume = 212,
      eid = {5},
    pages = {5},
      doi = {10.1088/0067-0049/212/1/5},
   adsurl = {http://adsabs.harvard.edu/abs/2014ApJS..212....5M},
  adsnote = {Provided by the SAO/NASA Astrophysics Data System}
}




@ARTICLE{SHEARA,
   author = {{Mandelbaum}, R. and {Hirata}, C.~M. and {Leauthaud}, A. and 
	{Massey}, R.~J. and {Rhodes}, J.},
    title = "{Precision simulation of ground-based lensing data using observations from space}",
  journal = {\mnras},
archivePrefix = "arXiv",
   eprint = {1107.4629},
 keywords = {gravitational lensing: weak, methods: data analysis, techniques: image processing, galaxies: structure},
     year = 2012,
    month = feb,
   volume = 420,
    pages = {1518-1540},
      doi = {10.1111/j.1365-2966.2011.20138.x},
   adsurl = {http://adsabs.harvard.edu/abs/2012MNRAS.420.1518M},
  adsnote = {Provided by the SAO/NASA Astrophysics Data System}
}



@ARTICLE{HSC1-GREAT3Sim,
       author = {{Mandelbaum}, Rachel and {Lanusse}, Fran{\c{c}}ois and
         {Leauthaud}, Alexie and {Armstrong}, Robert and {Simet}, Melanie and
         {Miyatake}, Hironao and {Meyers}, Joshua E. and {Bosch}, James and
         {Murata}, Ryoma and {Miyazaki}, Satoshi},
        title = "{Weak lensing shear calibration with simulations of the HSC survey}",
      journal = {\mnras},
     keywords = {gravitational lensing: weak, methods: data analysis, methods: numerical, techniques: image processing, Astrophysics - Cosmology and Nongalactic Astrophysics, Astrophysics - Instrumentation and Methods for Astrophysics},
         year = "2018",
        month = "Dec",
       volume = {481},
       number = {3},
        pages = {3170-3195},
          doi = {10.1093/mnras/sty2420},
archivePrefix = {arXiv},
       eprint = {1710.00885},
 primaryClass = {astro-ph.CO},
       adsurl = {https://ui.adsabs.harvard.edu/abs/2018MNRAS.481.3170M},
      adsnote = {Provided by the SAO/NASA Astrophysics Data System}
}


@ARTICLE{HST-ACSpipe,
   author = {{Koekemoer}, A.~M. and {Aussel}, H. and {Calzetti}, D. and {Capak}, P. and 
	{Giavalisco}, M. and {Kneib}, J.-P. and {Leauthaud}, A. and 
	{Le F{\`e}vre}, O. and {McCracken}, H.~J. and {Massey}, R. and 
	{Mobasher}, B. and {Rhodes}, J. and {Scoville}, N. and {Shopbell}, P.~L.
	},
    title = "{The COSMOS Survey: Hubble Space Telescope Advanced Camera for Surveys Observations and Data Processing}",
  journal = {\apjs},
   eprint = {astro-ph/0703095},
 keywords = {Cosmology: Observations, Cosmology: Dark Matter, Galaxies: Evolution, Galaxies: Formation, Cosmology: Large-Scale Structure of Universe, Surveys},
     year = 2007,
    month = sep,
   volume = 172,
    pages = {196-202},
      doi = {10.1086/520086},
   adsurl = {http://adsabs.harvard.edu/abs/2007ApJS..172..196K},
  adsnote = {Provided by the SAO/NASA Astrophysics Data System}
}

@ARTICLE{HST-shapeCatalog-Alexie2007,
   author = {{Leauthaud}, A. and {Massey}, R. and {Kneib}, J.-P. and {Rhodes}, J. and 
	{Johnston}, D.~E. and {Capak}, P. and {Heymans}, C. and {Ellis}, R.~S. and 
	{Koekemoer}, A.~M. and {Le F{\`e}vre}, O. and {Mellier}, Y. and 
	{R{\'e}fr{\'e}gier}, A. and {Robin}, A.~C. and {Scoville}, N. and 
	{Tasca}, L. and {Taylor}, J.~E. and {Van Waerbeke}, L.},
    title = "{Weak Gravitational Lensing with COSMOS: Galaxy Selection and Shape Measurements}",
  journal = {\apjs},
   eprint = {astro-ph/0702359},
 keywords = {Cosmology: Observations, Cosmology: Gravitational Lensing, Cosmology: Large-Scale Structure of Universe},
     year = 2007,
    month = sep,
   volume = 172,
    pages = {219-238},
      doi = {10.1086/516598},
   adsurl = {https://ui.adsabs.harvard.edu/abs/2007ApJS..172..219L},
  adsnote = {Provided by the SAO/NASA Astrophysics Data System}
}




@article{SDSS-DR4,
	doi = {10.1086/497917},
	url = {https://doi.org/10.1086%2F497917},
	year = 2006,
	month = {jan},
	publisher = {{IOP} Publishing},
	volume = {162},
	number = {1},
	pages = {38--48},
	author = {Jennifer K. Adelman-McCarthy and Marcel A. Agueros and Sahar S. Allam and Kurt S. J. Anderson and Scott F. Anderson and James Annis and Neta A. Bahcall and Ivan K. Baldry and J. C. Barentine and Andreas Berlind and Mariangela Bernardi and Michael R. Blanton and William N. Boroski and Howard J. Brewington and Jarle Brinchmann and J. Brinkmann and Robert J. Brunner and Tamas Budavari and Larry N. Carey and Michael A. Carr and Francisco J. Castander and A. J. Connolly and Istvan Csabai and Paul C. Czarapata and Julianne J. Dalcanton and Mamoru Doi and Feng Dong and Daniel J. Eisenstein and Michael L. Evans and Xiaohui Fan and Douglas P. Finkbeiner and Scott D. Friedman and Joshua A. Frieman and Masataka Fukugita and Bruce Gillespie and Karl Glazebrook and Jim Gray and Eva K. Grebel and James E. Gunn and Vijay K. Gurbani and Ernst de Haas and Patrick B. Hall and Frederick H. Harris and Michael Harvanek and Suzanne L. Hawley and Jeffrey Hayes and John S. Hendry and Gregory S. Hennessy and Robert B. Hindsley and Christopher M. Hirata and Craig J. Hogan and David W. Hogg and Donald J. Holmgren and Jon A. Holtzman and Shin-ichi Ichikawa and {\v{Z}}eljko Ivezi{\'{c}} and Sebastian Jester and David E. Johnston and Anders M. Jorgensen and Mario Juri{\'{c}} and Stephen M. Kent and S. J. Kleinman and G. R. Knapp and Alexei Yu. Kniazev and Richard G. Kron and Jurek Krzesinski and Nikolay Kuropatkin and Donald Q. Lamb and Hubert Lampeitl and Brian C. Lee and R. French Leger and Huan Lin and Daniel C. Long and Jon Loveday and Robert H. Lupton and Bruce Margon and David Martinez-Delgado and Rachel Mandelbaum and Takahiko Matsubara and Peregrine M. McGehee and Timothy A. McKay and Avery Meiksin and Jeffrey A. Munn and Reiko Nakajima and Thomas Nash and Eric H. Neilsen, Jr. and Heidi Jo Newberg and Peter R. Newman and Robert C. Nichol and Tom Nicinski and Maria Nieto-Santisteban and Atsuko Nitta and William O'Mullane and Sadanori Okamura and Russell Owen and Nikhil Padmanabhan and George Pauls and John Peoples, Jr. and Jeffrey R. Pier and Adrian C. Pope and Dimitri Pourbaix and Thomas R. Quinn and Gordon T. Richards and Michael W. Richmond and Constance M. Rockosi and David J. Schlegel and Donald P. Schneider and Joshua Schroeder and Ryan Scranton and Uro{\v{s}} Seljak and Erin Sheldon and Kazu Shimasaku and J. Allyn Smith and Vernesa Smol{\v{c}}i{\'{c}} and Stephanie A. Snedden and Chris Stoughton and Michael A. Strauss and Mark SubbaRao and Alexander S. Szalay and Istvan Szapudi and Paula Szkody and Max Tegmark and Aniruddha R. Thakar and Douglas L. Tucker and Alan Uomoto and Daniel E. Vanden Berk and Jan Vandenberg and Michael S. Vogeley and Wolfgang Voges and Nicole P. Vogt and Lucianne M. Walkowicz and David H. Weinberg and Andrew A. West and Simon D. M. White and Yongzhong Xu and Brian Yanny and D. R. Yocum and Donald G. York and Idit Zehavi and Stefano Zibetti and Daniel B. Zucker},
	title = {The Fourth Data Release of the Sloan Digital Sky Survey},
	journal = {The Astrophysical Journal Supplement Series},
	abstract = {This paper describes the Fourth Data Release of the Sloan Digital Sky Survey (SDSS), including all survey-quality data taken through 2004 June. The data release includes five-band photometric data for 180 million objects selected over 6670 deg2 and 673,280 spectra of galaxies, quasars, and stars selected from 4783 deg2 of those imaging data using the standard SDSS target selection algorithms. These numbers represent a roughly 27% increment over those of the Third Data Release; all the data from previous data releases are included in the present release. The Fourth Data Release also includes an additional 131,840 spectra of objects selected using a variety of alternative algorithms, to address scientific issues ranging from the kinematics of stars in the Milky Way thick disk to populations of faint galaxies and quasars.}
}

@ARTICLE{SDSS-DR7,
   author = {{Abazajian}, K.~N. and {Adelman-McCarthy}, J.~K. and {Ag{\"u}eros}, M.~A. and 
	{Allam}, S.~S. and {Allende Prieto}, C. and {An}, D. and {Anderson}, K.~S.~J. and 
	{Anderson}, S.~F. and {Annis}, J. and {Bahcall}, N.~A. and et al.},
    title = "{The Seventh Data Release of the Sloan Digital Sky Survey}",
  journal = {\apjs},
archivePrefix = "arXiv",
   eprint = {0812.0649},
 keywords = {atlases, catalogs, surveys},
     year = 2009,
    month = jun,
   volume = 182,
    pages = {543-558},
      doi = {10.1088/0067-0049/182/2/543},
   adsurl = {http://adsabs.harvard.edu/abs/2009ApJS..182..543A},
  adsnote = {Provided by the SAO/NASA Astrophysics Data System}
}

@INPROCEEDINGS{SDSSpipe,
   author = {{Lupton}, R. and {Gunn}, J.~E. and {Ivezi{\'c}}, Z. and {Knapp}, G.~R. and 
	{Kent}, S.},
    title = "{The SDSS Imaging Pipelines}",
booktitle = {Astronomical Data Analysis Software and Systems X},
     year = 2001,
   series = {Astronomical Society of the Pacific Conference Series},
   volume = 238,
   eprint = {astro-ph/0101420},
   editor = {{Harnden}, Jr., F.~R. and {Primini}, F.~A. and {Payne}, H.~E.
	},
    pages = {269},
   adsurl = {http://adsabs.harvard.edu/abs/2001ASPC..238..269L},
  adsnote = {Provided by the SAO/NASA Astrophysics Data System}
}


@ARTICLE{KIDS13,
   author = {{de Jong}, J.~T.~A. and {Kuijken}, K. and {Applegate}, D. and 
	{Begeman}, K. and {Belikov}, A. and {Blake}, C. and {Bout}, J. and 
	{Boxhoorn}, D. and {Buddelmeijer}, H. and {Buddendiek}, A. and 
	{Cacciato}, M. and {Capaccioli}, M. and {Choi}, A. and {Cordes}, O. and 
	{Covone}, G. and {Dall'Ora}, M. and {Edge}, A. and {Erben}, T. and 
	{Franse}, J. and {Getman}, F. and {Grado}, A. and {Harnois-Deraps}, J. and 
	{Helmich}, E. and {Herbonnet}, R. and {Heymans}, C. and {Hildebrandt}, H. and 
	{Hoekstra}, H. and {Huang}, Z. and {Irisarri}, N. and {Joachimi}, B. and 
	{K{\"o}hlinger}, F. and {Kitching}, T. and {La Barbera}, F. and 
	{Lacerda}, P. and {McFarland}, J. and {Miller}, L. and {Nakajima}, R. and 
	{Napolitano}, N.~R. and {Paolillo}, M. and {Peacock}, J. and 
	{Pila-Diez}, B. and {Puddu}, E. and {Radovich}, M. and {Rifatto}, A. and 
	{Schneider}, P. and {Schrabback}, T. and {Sifon}, C. and {Sikkema}, G. and 
	{Simon}, P. and {Sutherland}, W. and {Tudorica}, A. and {Valentijn}, E. and 
	{van der Burg}, R. and {van Uitert}, E. and {van Waerbeke}, L. and 
	{Velander}, M. and {Kleijn}, G.~V. and {Viola}, M. and {Vriend}, W.-J.
	},
    title = "{The Kilo-Degree Survey}",
  journal = {The Messenger},
     year = 2013,
    month = dec,
   volume = 154,
    pages = {44-46},
   adsurl = {http://adsabs.harvard.edu/abs/2013Msngr.154...44D},
  adsnote = {Provided by the SAO/NASA Astrophysics Data System}
}




@ARTICLE{DES05,
   author = {{The Dark Energy Survey Collaboration}},
    title = "{The Dark Energy Survey}",
  journal = {ArXiv Astrophysics e-prints},
   eprint = {astro-ph/0510346},
 keywords = {Astrophysics},
     year = 2005,
    month = oct,
   adsurl = {http://adsabs.harvard.edu/abs/2005astro.ph.10346T},
  adsnote = {Provided by the SAO/NASA Astrophysics Data System}
}

@ARTICLE{DES16,
   author = {{Dark Energy Survey Collaboration} and {Abbott}, T. and {Abdalla}, F.~B. and 
	{Aleksi{\'c}}, J. and {Allam}, S. and {Amara}, A. and {Bacon}, D. and 
	{Balbinot}, E. and {Banerji}, M. and {Bechtol}, K. and {Benoit-L{\'e}vy}, A. and 
	{Bernstein}, G.~M. and {Bertin}, E. and {Blazek}, J. and {Bonnett}, C. and 
	{Bridle}, S. and {Brooks}, D. and {Brunner}, R.~J. and {Buckley-Geer}, E. and 
	{Burke}, D.~L. and {Caminha}, G.~B. and {Capozzi}, D. and {Carlsen}, J. and 
	{Carnero-Rosell}, A. and {Carollo}, M. and {Carrasco-Kind}, M. and 
	{Carretero}, J. and {Castander}, F.~J. and {Clerkin}, L. and 
	{Collett}, T. and {Conselice}, C. and {Crocce}, M. and {Cunha}, C.~E. and 
	{D'Andrea}, C.~B. and {da Costa}, L.~N. and {Davis}, T.~M. and 
	{Desai}, S. and {Diehl}, H.~T. and {Dietrich}, J.~P. and {Dodelson}, S. and 
	{Doel}, P. and {Drlica-Wagner}, A. and {Estrada}, J. and {Etherington}, J. and 
	{Evrard}, A.~E. and {Fabbri}, J. and {Finley}, D.~A. and {Flaugher}, B. and 
	{Foley}, R.~J. and {Fosalba}, P. and {Frieman}, J. and {Garc{\'{\i}}a-Bellido}, J. and 
	{Gaztanaga}, E. and {Gerdes}, D.~W. and {Giannantonio}, T. and 
	{Goldstein}, D.~A. and {Gruen}, D. and {Gruendl}, R.~A. and 
	{Guarnieri}, P. and {Gutierrez}, G. and {Hartley}, W. and {Honscheid}, K. and 
	{Jain}, B. and {James}, D.~J. and {Jeltema}, T. and {Jouvel}, S. and 
	{Kessler}, R. and {King}, A. and {Kirk}, D. and {Kron}, R. and 
	{Kuehn}, K. and {Kuropatkin}, N. and {Lahav}, O. and {Li}, T.~S. and 
	{Lima}, M. and {Lin}, H. and {Maia}, M.~A.~G. and {Makler}, M. and 
	{Manera}, M. and {Maraston}, C. and {Marshall}, J.~L. and {Martini}, P. and 
	{McMahon}, R.~G. and {Melchior}, P. and {Merson}, A. and {Miller}, C.~J. and 
	{Miquel}, R. and {Mohr}, J.~J. and {Morice-Atkinson}, X. and 
	{Naidoo}, K. and {Neilsen}, E. and {Nichol}, R.~C. and {Nord}, B. and 
	{Ogando}, R. and {Ostrovski}, F. and {Palmese}, A. and {Papadopoulos}, A. and 
	{Peiris}, H.~V. and {Peoples}, J. and {Percival}, W.~J. and 
	{Plazas}, A.~A. and {Reed}, S.~L. and {Refregier}, A. and {Romer}, A.~K. and 
	{Roodman}, A. and {Ross}, A. and {Rozo}, E. and {Rykoff}, E.~S. and 
	{Sadeh}, I. and {Sako}, M. and {S{\'a}nchez}, C. and {Sanchez}, E. and 
	{Santiago}, B. and {Scarpine}, V. and {Schubnell}, M. and {Sevilla-Noarbe}, I. and 
	{Sheldon}, E. and {Smith}, M. and {Smith}, R.~C. and {Soares-Santos}, M. and 
	{Sobreira}, F. and {Soumagnac}, M. and {Suchyta}, E. and {Sullivan}, M. and 
	{Swanson}, M. and {Tarle}, G. and {Thaler}, J. and {Thomas}, D. and 
	{Thomas}, R.~C. and {Tucker}, D. and {Vieira}, J.~D. and {Vikram}, V. and 
	{Walker}, A.~R. and {Wechsler}, R.~H. and {Weller}, J. and {Wester}, W. and 
	{Whiteway}, L. and {Wilcox}, H. and {Yanny}, B. and {Zhang}, Y. and 
	{Zuntz}, J.},
    title = "{The Dark Energy Survey: more than dark energy - an overview}",
  journal = {\mnras},
archivePrefix = "arXiv",
   eprint = {1601.00329},
 keywords = {surveys, minor planets, asteroids: general, supernovae: general, Galaxy: general, galaxies: general, quasars: general},
     year = 2016,
    month = aug,
   volume = 460,
    pages = {1270-1299},
      doi = {10.1093/mnras/stw641},
   adsurl = {http://adsabs.harvard.edu/abs/2016MNRAS.460.1270D},
  adsnote = {Provided by the SAO/NASA Astrophysics Data System}
}




@ARTICLE{DEScat17,
   author = {{Zuntz}, J. and {Sheldon}, E. and {Samuroff}, S. and {Troxel}, M.~A. and 
	{Jarvis}, M. and {MacCrann}, N. and {Gruen}, D. and {Prat}, J. and 
	{S{\'a}nchez}, C. and {Choi}, A. and {Bridle}, S.~L. and {Bernstein}, G.~M. and 
	{Dodelson}, S. and {Drlica-Wagner}, A. and {Fang}, Y. and {Gruendl}, R.~A. and 
	{Hoyle}, B. and {Huff}, E.~M. and {Jain}, B. and {Kirk}, D. and 
	{Kacprzak}, T. and {Krawiec}, C. and {Plazas}, A.~A. and {Rollins}, R.~P. and 
	{Rykoff}, E.~S. and {Sevilla-Noarbe}, I. and {Soergel}, B. and 
	{Varga}, T.~N. and {Abbott}, T.~M.~C. and {Abdalla}, F.~B. and 
	{Allam}, S. and {Annis}, J. and {Bechtol}, K. and {Benoit-L{\'e}vy}, A. and 
	{Bertin}, E. and {Buckley-Geer}, E. and {Burke}, D.~L. and {Carnero Rosell}, A. and 
	{Carrasco Kind}, M. and {Carretero}, J. and {Castander}, F.~J. and 
	{Crocce}, M. and {Cunha}, C.~E. and {D'Andrea}, C.~B. and {da Costa}, L.~N. and 
	{Davis}, C. and {Desai}, S. and {Diehl}, H.~T. and {Dietrich}, J.~P. and 
	{Doel}, P. and {Eifler}, T.~F. and {Estrada}, J. and {Evrard}, A.~E. and 
	{Fausti Neto}, A. and {Fernandez}, E. and {Flaugher}, B. and 
	{Fosalba}, P. and {Frieman}, J. and {Garc{\'{\i}}a-Bellido}, J. and 
	{Gaztanaga}, E. and {Gerdes}, D.~W. and {Giannantonio}, T. and 
	{Gschwend}, J. and {Gutierrez}, G. and {Hartley}, W.~G. and 
	{Honscheid}, K. and {James}, D.~J. and {Jeltema}, T. and {Johnson}, M.~W.~G. and 
	{Johnson}, M.~D. and {Kuehn}, K. and {Kuhlmann}, S. and {Kuropatkin}, N. and 
	{Lahav}, O. and {Li}, T.~S. and {Lima}, M. and {Maia}, M.~A.~G. and 
	{March}, M. and {Martini}, P. and {Melchior}, P. and {Menanteau}, F. and 
	{Miller}, C.~J. and {Miquel}, R. and {Mohr}, J.~J. and {Neilsen}, E. and 
	{Nichol}, R.~C. and {Ogando}, R.~L.~C. and {Roe}, N. and {Romer}, A.~K. and 
	{Roodman}, A. and {Sanchez}, E. and {Scarpine}, V. and {Schindler}, R. and 
	{Schubnell}, M. and {Smith}, M. and {Smith}, R.~C. and {Soares-Santos}, M. and 
	{Sobreira}, F. and {Suchyta}, E. and {Swanson}, M.~E.~C. and 
	{Tarle}, G. and {Thomas}, D. and {Tucker}, D.~L. and {Vikram}, V. and 
	{Walker}, A.~R. and {Wechsler}, R.~H. and {Zhang}, Y.},
    title = "{Dark Energy Survey Year 1 Results: Weak Lensing Shape Catalogues}",
  journal = {ArXiv e-prints},
archivePrefix = "arXiv",
   eprint = {1708.01533},
 keywords = {Astrophysics - Cosmology and Nongalactic Astrophysics},
     year = 2017,
    month = aug,
   adsurl = {http://adsabs.harvard.edu/abs/2017arXiv170801533Z},
  adsnote = {Provided by the SAO/NASA Astrophysics Data System}
}


@ARTICLE{HSC1-pipeline,
   author = {{Bosch}, J. and {Armstrong}, R. and {Bickerton}, S. and {Furusawa}, H. and 
	{Ikeda}, H. and {Koike}, M. and {Lupton}, R. and {Mineo}, S. and 
	{Price}, P. and {Takata}, T. and {Tanaka}, M. and {Yasuda}, N. and 
	{AlSayyad}, Y. and {Becker}, A.~C. and {Coulton}, W. and {Coupon}, J. and 
	{Garmilla}, J. and {Huang}, S. and {Krughoff}, K.~S. and {Lang}, D. and 
	{Leauthaud}, A. and {Lim}, K.-T. and {Lust}, N.~B. and {MacArthur}, L.~A. and 
	{Mandelbaum}, R. and {Miyatake}, H. and {Miyazaki}, S. and {Murata}, R. and 
	{More}, S. and {Okura}, Y. and {Owen}, R. and {Swinbank}, J.~D. and 
	{Strauss}, M.~A. and {Yamada}, Y. and {Yamanoi}, H.},
    title = "{The Hyper Suprime-Cam software pipeline}",
  journal = {\pasj},
archivePrefix = "arXiv",
   eprint = {1705.06766},
 primaryClass = "astro-ph.IM",
 keywords = {methods: data analysis, surveys, techniques: image processing},
     year = 2018,
    month = jan,
   volume = 70,
      eid = {S5},
    pages = {S5},
      doi = {10.1093/pasj/psx080},
   adsurl = {http://adsabs.harvard.edu/abs/2018PASJ...70S...5B},
  adsnote = {Provided by the SAO/NASA Astrophysics Data System}
}



@ARTICLE{HSC1-catalog,
   author = {{Mandelbaum}, R. and {Miyatake}, H. and {Hamana}, T. and {Oguri}, M. and 
	{Simet}, M. and {Armstrong}, R. and {Bosch}, J. and {Murata}, R. and 
	{Lanusse}, F. and {Leauthaud}, A. and {Coupon}, J. and {More}, S. and 
	{Takada}, M. and {Miyazaki}, S. and {Speagle}, J.~S. and {Shirasaki}, M. and 
	{Sif{\'o}n}, C. and {Huang}, S. and {Nishizawa}, A.~J. and {Medezinski}, E. and 
	{Okura}, Y. and {Okabe}, N. and {Czakon}, N. and {Takahashi}, R. and 
	{Coulton}, W.~R. and {Hikage}, C. and {Komiyama}, Y. and {Lupton}, R.~H. and 
	{Strauss}, M.~A. and {Tanaka}, M. and {Utsumi}, Y.},
    title = "{The first-year shear catalog of the Subaru Hyper Suprime-Cam Subaru Strategic Program Survey}",
  journal = {\pasj},
archivePrefix = "arXiv",
   eprint = {1705.06745},
 keywords = {cosmology: observations, gravitational lensing: weak, methods: data analysis, techniques: image processing},
     year = 2018,
    month = jan,
   volume = 70,
      eid = {S25},
    pages = {S25},
      doi = {10.1093/pasj/psx130},
   adsurl = {http://adsabs.harvard.edu/abs/2018PASJ...70S..25M},
  adsnote = {Provided by the SAO/NASA Astrophysics Data System}
}

@ARTICLE{HSC1-data,
   author = {{Aihara}, H. and {Armstrong}, R. and {Bickerton}, S. and {Bosch}, J. and 
	{Coupon}, J. and {Furusawa}, H. and {Hayashi}, Y. and {Ikeda}, H. and 
	{Kamata}, Y. and {Karoji}, H. and {Kawanomoto}, S. and {Koike}, M. and 
	{Komiyama}, Y. and {Lang}, D. and {Lupton}, R.~H. and {Mineo}, S. and 
	{Miyatake}, H. and {Miyazaki}, S. and {Morokuma}, T. and {Obuchi}, Y. and 
	{Oishi}, Y. and {Okura}, Y. and {Price}, P.~A. and {Takata}, T. and 
	{Tanaka}, M.~M. and {Tanaka}, M. and {Tanaka}, Y. and {Uchida}, T. and 
	{Uraguchi}, F. and {Utsumi}, Y. and {Wang}, S.-Y. and {Yamada}, Y. and 
	{Yamanoi}, H. and {Yasuda}, N. and {Arimoto}, N. and {Chiba}, M. and 
	{Finet}, F. and {Fujimori}, H. and {Fujimoto}, S. and {Furusawa}, J. and 
	{Goto}, T. and {Goulding}, A. and {Gunn}, J.~E. and {Harikane}, Y. and 
	{Hattori}, T. and {Hayashi}, M. and {He{\l}miniak}, K.~G. and 
	{Higuchi}, R. and {Hikage}, C. and {Ho}, P.~T.~P. and {Hsieh}, B.-C. and 
	{Huang}, K. and {Huang}, S. and {Imanishi}, M. and {Iwata}, I. and 
	{Jaelani}, A.~T. and {Jian}, H.-Y. and {Kashikawa}, N. and {Katayama}, N. and 
	{Kojima}, T. and {Konno}, A. and {Koshida}, S. and {Kusakabe}, H. and 
	{Leauthaud}, A. and {Lee}, C.-H. and {Lin}, L. and {Lin}, Y.-T. and 
	{Mandelbaum}, R. and {Matsuoka}, Y. and {Medezinski}, E. and 
	{Miyama}, S. and {Momose}, R. and {More}, A. and {More}, S. and 
	{Mukae}, S. and {Murata}, R. and {Murayama}, H. and {Nagao}, T. and 
	{Nakata}, F. and {Niida}, M. and {Niikura}, H. and {Nishizawa}, A.~J. and 
	{Oguri}, M. and {Okabe}, N. and {Ono}, Y. and {Onodera}, M. and 
	{Onoue}, M. and {Ouchi}, M. and {Pyo}, T.-S. and {Shibuya}, T. and 
	{Shimasaku}, K. and {Simet}, M. and {Speagle}, J. and {Spergel}, D.~N. and 
	{Strauss}, M.~A. and {Sugahara}, Y. and {Sugiyama}, N. and {Suto}, Y. and 
	{Suzuki}, N. and {Tait}, P.~J. and {Takada}, M. and {Terai}, T. and 
	{Toba}, Y. and {Turner}, E.~L. and {Uchiyama}, H. and {Umetsu}, K. and 
	{Urata}, Y. and {Usuda}, T. and {Yeh}, S. and {Yuma}, S.},
    title = "{First data release of the Hyper Suprime-Cam Subaru Strategic Program}",
  journal = {\pasj},
archivePrefix = "arXiv",
   eprint = {1702.08449},
 primaryClass = "astro-ph.IM",
 keywords = {astronomical databases, cosmology: observations, galaxies: general, surveys},
     year = 2018,
    month = jan,
   volume = 70,
      eid = {S8},
    pages = {S8},
      doi = {10.1093/pasj/psx081},
   adsurl = {http://adsabs.harvard.edu/abs/2018PASJ...70S...8A},
  adsnote = {Provided by the SAO/NASA Astrophysics Data System}
}



@ARTICLE{HSC1-photoz,
       author = {{Tanaka}, Masayuki and {Coupon}, Jean and {Hsieh}, Bau-Ching and
         {Mineo}, Sogo and {Nishizawa}, Atsushi J. and {Speagle}, Joshua and
         {Furusawa}, Hisanori and {Miyazaki}, Satoshi and {Murayama}, Hitoshi},
        title = "{Photometric redshifts for Hyper Suprime-Cam Subaru Strategic Program Data Release 1}",
      journal = {Publications of the Astronomical Society of Japan},
     keywords = {cosmology: observations, galaxies: distances and redshifts, galaxies: general, surveys, Astrophysics - Astrophysics of Galaxies},
         year = "2018",
        month = "Jan",
       volume = {70},
          eid = {S9},
        pages = {S9},
          doi = {10.1093/pasj/psx077},
archivePrefix = {arXiv},
       eprint = {1704.05988},
 primaryClass = {astro-ph.GA},
       adsurl = {https://ui.adsabs.harvard.edu/\#abs/2018PASJ...70S...9T},
      adsnote = {Provided by the SAO/NASA Astrophysics Data System}
}




@ARTICLE{Euclid2011,
   author = {{Laureijs}, R. and {Amiaux}, J. and {Arduini}, S. and {Augu{\`e}res}, J.~-. and 
	{Brinchmann}, J. and {Cole}, R. and {Cropper}, M. and {Dabin}, C. and 
	{Duvet}, L. and {Ealet}, A. and et al.},
    title = "{Euclid Definition Study Report}",
  journal = {ArXiv e-prints},
archivePrefix = "arXiv",
   eprint = {1110.3193},
 primaryClass = "astro-ph.CO",
 keywords = {Astrophysics - Cosmology and Extragalactic Astrophysics, Astrophysics - Galaxy Astrophysics},
     year = 2011,
    month = oct,
   adsurl = {http://adsabs.harvard.edu/abs/2011arXiv1110.3193L},
  adsnote = {Provided by the SAO/NASA Astrophysics Data System}
}


@ARTICLE{WFIRST2.4,
   author = {{Spergel}, D. and {Gehrels}, N. and {Breckinridge}, J. and {Donahue}, M. and 
	{Dressler}, A. and {Gaudi}, B.~S. and {Greene}, T. and {Guyon}, O. and 
	{Hirata}, C. and {Kalirai}, J. and {Kasdin}, N.~J. and {Moos}, W. and 
	{Perlmutter}, S. and {Postman}, M. and {Rauscher}, B. and {Rhodes}, J. and 
	{Wang}, Y. and {Weinberg}, D. and {Centrella}, J. and {Traub}, W. and 
	{Baltay}, C. and {Colbert}, J. and {Bennett}, D. and {Kiessling}, A. and 
	{Macintosh}, B. and {Merten}, J. and {Mortonson}, M. and {Penny}, M. and 
	{Rozo}, E. and {Savransky}, D. and {Stapelfeldt}, K. and {Zu}, Y. and 
	{Baker}, C. and {Cheng}, E. and {Content}, D. and {Dooley}, J. and 
	{Foote}, M. and {Goullioud}, R. and {Grady}, K. and {Jackson}, C. and 
	{Kruk}, J. and {Levine}, M. and {Melton}, M. and {Peddie}, C. and 
	{Ruffa}, J. and {Shaklan}, S.},
    title = "{WFIRST-2.4: What Every Astronomer Should Know}",
  journal = {ArXiv e-prints},
archivePrefix = "arXiv",
   eprint = {1305.5425},
 primaryClass = "astro-ph.IM",
 keywords = {Astrophysics - Instrumentation and Methods for Astrophysics},
     year = 2013,
    month = may,
   adsurl = {http://adsabs.harvard.edu/abs/2013arXiv1305.5425S},
  adsnote = {Provided by the SAO/NASA Astrophysics Data System}
}

@ARTICLE{WFIRST15,
   author = {{Spergel}, D. and {Gehrels}, N. and {Baltay}, C. and {Bennett}, D. and 
	{Breckinridge}, J. and {Donahue}, M. and {Dressler}, A. and 
	{Gaudi}, B.~S. and {Greene}, T. and {Guyon}, O. and {Hirata}, C. and 
	{Kalirai}, J. and {Kasdin}, N.~J. and {Macintosh}, B. and {Moos}, W. and 
	{Perlmutter}, S. and {Postman}, M. and {Rauscher}, B. and {Rhodes}, J. and 
	{Wang}, Y. and {Weinberg}, D. and {Benford}, D. and {Hudson}, M. and 
	{Jeong}, W.-S. and {Mellier}, Y. and {Traub}, W. and {Yamada}, T. and 
	{Capak}, P. and {Colbert}, J. and {Masters}, D. and {Penny}, M. and 
	{Savransky}, D. and {Stern}, D. and {Zimmerman}, N. and {Barry}, R. and 
	{Bartusek}, L. and {Carpenter}, K. and {Cheng}, E. and {Content}, D. and 
	{Dekens}, F. and {Demers}, R. and {Grady}, K. and {Jackson}, C. and 
	{Kuan}, G. and {Kruk}, J. and {Melton}, M. and {Nemati}, B. and 
	{Parvin}, B. and {Poberezhskiy}, I. and {Peddie}, C. and {Ruffa}, J. and 
	{Wallace}, J.~K. and {Whipple}, A. and {Wollack}, E. and {Zhao}, F.
	},
    title = "{Wide-Field InfrarRed Survey Telescope-Astrophysics Focused Telescope Assets WFIRST-AFTA 2015 Report}",
  journal = {ArXiv e-prints},
archivePrefix = "arXiv",
   eprint = {1503.03757},
 primaryClass = "astro-ph.IM",
 keywords = {Astrophysics - Instrumentation and Methods for Astrophysics},
     year = 2015,
    month = mar,
   adsurl = {http://adsabs.harvard.edu/abs/2015arXiv150303757S},
  adsnote = {Provided by the SAO/NASA Astrophysics Data System}
}


@ARTICLE{LSSTScienceBook,
   author = {{LSST Science Collaboration} and {Abell}, P.~A. and {Allison}, J. and 
	{Anderson}, S.~F. and {Andrew}, J.~R. and {Angel}, J.~R.~P. and 
	{Armus}, L. and {Arnett}, D. and {Asztalos}, S.~J. and {Axelrod}, T.~S. and et al.},
    title = "{LSST Science Book, Version 2.0}",
  journal = {ArXiv e-prints},
archivePrefix = "arXiv",
   eprint = {0912.0201},
 primaryClass = "astro-ph.IM",
 keywords = {Astrophysics - Instrumentation and Methods for Astrophysics, Astrophysics - Cosmology and Extragalactic Astrophysics, Astrophysics - Earth and Planetary Astrophysics, Astrophysics - Galaxy Astrophysics, Astrophysics - Solar and Stellar Astrophysics},
     year = 2009,
    month = dec,
   adsurl = {http://adsabs.harvard.edu/abs/2009arXiv0912.0201L},
  adsnote = {Provided by the SAO/NASA Astrophysics Data System}
}



@ARTICLE{PSFEx11,
   author = {{Bertin}, E.},
    title = "{Automated Morphometry with SExtractor and PSFEx}",
booktitle = {Astronomical Data Analysis Software and Systems XX},
     year = 2011,
   series = {Astronomical Society of the Pacific Conference Series},
   volume = 442,
   editor = {{Evans}, I.~N. and {Accomazzi}, A. and {Mink}, D.~J. and {Rots}, A.~H.
	},
    month = jul,
    pages = {435},
   adsurl = {http://adsabs.harvard.edu/abs/2011ASPC..442..435B},
  adsnote = {Provided by the SAO/NASA Astrophysics Data System}
}



%=========
%photo Z
%=========

@ARTICLE{photozCunha,
   author = {{Cunha}, C.~E. and {Lima}, M. and {Oyaizu}, H. and {Frieman}, J. and 
	{Lin}, H.},
    title = "{Estimating the redshift distribution of photometric galaxy samples - II. Applications and tests of a new method}",
  journal = {\mnras},
archivePrefix = "arXiv",
   eprint = {0810.2991},
 keywords = {galaxies: distances and redshifts , galaxies: statistics , distance scale , large-scale structure of Universe},
     year = 2009,
    month = jul,
   volume = 396,
    pages = {2379-2398},
      doi = {10.1111/j.1365-2966.2009.14908.x},
   adsurl = {http://adsabs.harvard.edu/abs/2009MNRAS.396.2379C},
  adsnote = {Provided by the SAO/NASA Astrophysics Data System}
}


