%===========================================
%CMB Observation
%===========================================
@article{WMAP9th,
	doi = {10.1088/0067-0049/208/2/19},
	url = {https://doi.org/10.1088%2F0067-0049%2F208%2F2%2F19},
	year = 2013,
	month = {sep},
	publisher = {{IOP} Publishing},
	volume = {208},
	number = {2},
	pages = {19},
	author = {G. Hinshaw and D. Larson and E. Komatsu and D. N. Spergel and C. L. Bennett and J. Dunkley and M. R. Nolta and M. Halpern and R. S. Hill and N. Odegard and L. Page and K. M. Smith and J. L. Weiland and B. Gold and N. Jarosik and A. Kogut and M. Limon and S. S. Meyer and G. S. Tucker and E. Wollack and E. L. Wright},
	title = {{NINE}-{YEARWILKINSON} {MICROWAVE} {ANISOTROPY} {PROBE}({WMAP}) {OBSERVATIONS}: {COSMOLOGICAL} {PARAMETER} {RESULTS}},
	journal = {The Astrophysical Journal Supplement Series}
}
