@ARTICLE{numpy2007,
author={T. E. Oliphant},
journal={Computing in Science Engineering},
title={Python for Scientific Computing},
year={2007},
volume={9},
number={3},
pages={10-20},
keywords={high level languages;Python;scientific computing;steering language;scientific codes;high-level language;Scientific computing;High level languages;Libraries;Writing;Application software;Embedded software;Software standards;Standards development;Internet;Prototypes;Python;computer languages;scientific programming;scientific computing},
doi={10.1109/MCSE.2007.58},
ISSN={1521-9615},
month={May},}


@INPROCEEDINGS{SOM1997,
author={T. {Kohonen}},
booktitle={Proceedings of International Conference on Neural Networks (ICNN'97)},
title={Exploration of very large databases by self-organizing maps},
year={1997},
volume={1},
number={},
pages={PL1-PL6 vol.1},
keywords={very large databases;self-organising feature maps;visual databases;information retrieval;content-addressable storage;very large databases;self-organizing maps;data organization system;content-addressable memory;WEBSOM;browsing tools;free-form queries;document map;Databases;Self organizing feature maps;Histograms;Neural networks;Encoding;Pattern analysis;Distributed computing;Optimization methods},
doi={10.1109/ICNN.1997.611622},
ISSN={},
month={June},}
